{
  "symbol": "DOC",
  "statement": "ic",
  "frequency": "annual",
  "timestamp": "2025-09-19T14:01:23.996218",
  "data": {
    "financials": [
      {
        "costOfGoodsSold": 1065.861,
        "depreciationAmortization": 1057.205,
        "dilutedAverageSharesOutstanding": 676.233,
        "dilutedEPS": 0.3586,
        "ebit": 461.361,
        "equityEarningsAffiliates": -1.515,
        "gainLossOnDispositionOfAssets": 256.243,
        "grossIncome": 1634.588,
        "interestExpense": 280.43,
        "interestIncomeExpense": -280.43,
        "minorityInterest": -24.161,
        "netIncome": 242.384,
        "netIncomeAfterTaxes": 268.818,
        "nonRecurringItems": -171.651,
        "otherOperatingExpensesTotal": 9.86,
        "period": "2024-12-31",
        "pretaxIncome": 273.168,
        "provisionforIncomeTaxes": 4.35,
        "revenue": 2700.449,
        "sgaExpense": 106.162,
        "totalOperatingExpense": 1173.227,
        "totalOtherIncomeExpenseNet": 7.645,
        "year": 2024
      },
      {
        "costOfGoodsSold": 894.06,
        "depreciationAmortization": 749.901,
        "dilutedAverageSharesOutstanding": 547.275,
        "dilutedEPS": 0.556,
        "ebit": 439.511,
        "equityEarningsAffiliates": 10.204,
        "gainLossOnDispositionOfAssets": 86.697,
        "grossIncome": 1286.943,
        "interestExpense": 200.331,
        "interestIncomeExpense": -200.331,
        "minorityInterest": -28.748,
        "netIncome": 304.284,
        "netIncomeAfterTaxes": 324.553,
        "nonRecurringItems": -13.482,
        "otherOperatingExpensesTotal": -5.601,
        "period": "2023-12-31",
        "pretaxIncome": 314.936,
        "provisionforIncomeTaxes": -9.617,
        "revenue": 2181.003,
        "sgaExpense": 103.132,
        "totalOperatingExpense": 847.432,
        "totalOtherIncomeExpenseNet": 2.541,
        "year": 2023
      },
      {
        "costOfGoodsSold": 858.2,
        "depreciationAmortization": 710.6,
        "dilutedAverageSharesOutstanding": 539.1,
        "dilutedEPS": 0.92,
        "ebit": 394.2,
        "equityEarningsAffiliates": 2,
        "gainLossOnDispositionOfAssets": 9.1,
        "grossIncome": 1203,
        "interestExpense": 172.944,
        "interestIncomeExpense": -172.9,
        "minorityInterest": -16,
        "netIncome": 497.8,
        "netIncomeAfterTaxes": 511.6,
        "nonRecurringItems": 262,
        "period": "2022-12-31",
        "pretaxIncome": 507.1,
        "provisionforIncomeTaxes": -4.4,
        "revenue": 2061.2,
        "sgaExpense": 98.3,
        "totalOperatingExpense": 808.8,
        "totalOtherIncomeExpenseNet": 14.8,
        "year": 2022
      },
      {
        "costOfGoodsSold": 766.2,
        "depreciationAmortization": 684.3,
        "dilutedAverageSharesOutstanding": 539.2,
        "dilutedEPS": 0.93,
        "ebit": 350.9,
        "equityEarningsAffiliates": 6.1,
        "gainLossOnDispositionOfAssets": 190.6,
        "grossIncome": 1129.9,
        "interestExpense": 157.98,
        "interestIncomeExpense": -158,
        "minorityInterest": -17.9,
        "netIncome": 502.3,
        "netIncomeAfterTaxes": 131.6,
        "nonRecurringItems": -260.4,
        "period": "2021-12-31",
        "pretaxIncome": 128.4,
        "provisionforIncomeTaxes": -3.3,
        "revenue": 1896.2,
        "sgaExpense": 94.7,
        "totalOperatingExpense": 779.1,
        "totalOtherIncomeExpenseNet": 5.2,
        "year": 2021
      },
      {
        "costOfGoodsSold": 782.5,
        "depreciationAmortization": 553.9,
        "dilutedAverageSharesOutstanding": 531.1,
        "dilutedEPS": 0.77,
        "ebit": 218.1,
        "equityEarningsAffiliates": -66.6,
        "gainLossOnDispositionOfAssets": 90.4,
        "grossIncome": 862.3,
        "interestExpense": 218.336,
        "interestIncomeExpense": -218.3,
        "minorityInterest": -14.4,
        "netIncome": 411.1,
        "netIncomeAfterTaxes": 227.1,
        "nonRecurringItems": 52.9,
        "period": "2020-12-31",
        "pretaxIncome": 217.7,
        "provisionforIncomeTaxes": -9.4,
        "revenue": 1644.9,
        "sgaExpense": 90.3,
        "totalOperatingExpense": 644.3,
        "totalOtherIncomeExpenseNet": 74.7,
        "year": 2020
      },
      {
        "costOfGoodsSold": 405.2,
        "depreciationAmortization": 435.2,
        "dilutedAverageSharesOutstanding": 486.3,
        "dilutedEPS": 0.09,
        "ebit": 312,
        "equityEarningsAffiliates": -6.3,
        "gainLossOnDispositionOfAssets": 0,
        "grossIncome": 835.1,
        "interestExpense": 217.612,
        "interestIncomeExpense": -217.6,
        "minorityInterest": -14.6,
        "netIncome": 44,
        "netIncomeAfterTaxes": 181.8,
        "nonRecurringItems": 87.7,
        "period": "2019-12-31",
        "pretaxIncome": 176.3,
        "provisionforIncomeTaxes": -5.5,
        "revenue": 1240.3,
        "sgaExpense": 87.9,
        "totalOperatingExpense": 523.1,
        "totalOtherIncomeExpenseNet": -5.7,
        "year": 2019
      },
      {
        "costOfGoodsSold": 378.7,
        "depreciationAmortization": 404.7,
        "dilutedAverageSharesOutstanding": 475.4,
        "dilutedEPS": 2.22,
        "ebit": 325.2,
        "equityEarningsAffiliates": -5.8,
        "gainLossOnDispositionOfAssets": 831.4,
        "grossIncome": 812.7,
        "interestExpense": 261.28,
        "interestIncomeExpense": -261.3,
        "minorityInterest": -12.3,
        "netIncome": 1058.4,
        "netIncomeAfterTaxes": 843,
        "nonRecurringItems": -61.3,
        "period": "2018-12-31",
        "pretaxIncome": 838.6,
        "provisionforIncomeTaxes": -4.4,
        "revenue": 1191.3,
        "sgaExpense": 82.8,
        "totalOperatingExpense": 487.5,
        "totalOtherIncomeExpenseNet": 4.6,
        "year": 2018
      },
      {
        "costOfGoodsSold": 666.3,
        "depreciationAmortization": 534.7,
        "dilutedAverageSharesOutstanding": 468.9,
        "dilutedEPS": 0.88,
        "ebit": 563.6,
        "equityEarningsAffiliates": 10.9,
        "gainLossOnDispositionOfAssets": 356.6,
        "grossIncome": 1182.1,
        "interestExpense": 307.716,
        "interestIncomeExpense": -307.7,
        "minorityInterest": -8.5,
        "netIncome": 413,
        "netIncomeAfterTaxes": 428.8,
        "nonRecurringItems": -249.2,
        "period": "2017-12-31",
        "pretaxIncome": 410.4,
        "provisionforIncomeTaxes": -18.4,
        "revenue": 1848.4,
        "sgaExpense": 83.8,
        "totalOperatingExpense": 618.5,
        "totalOtherIncomeExpenseNet": 47.1,
        "year": 2017
      },
      {
        "costOfGoodsSold": 738.4,
        "depreciationAmortization": 568.1,
        "dilutedAverageSharesOutstanding": 467.4,
        "dilutedEPS": 1.34,
        "ebit": 736.2,
        "equityEarningsAffiliates": 11.4,
        "gainLossOnDispositionOfAssets": 164.7,
        "grossIncome": 1390.9,
        "interestExpense": 464.403,
        "interestIncomeExpense": -464.4,
        "minorityInterest": -12.2,
        "netIncome": 626.5,
        "netIncomeAfterTaxes": 362.8,
        "nonRecurringItems": -75.9,
        "period": "2016-12-31",
        "pretaxIncome": 367.3,
        "provisionforIncomeTaxes": 4.5,
        "revenue": 2129.3,
        "sgaExpense": 86.6,
        "totalOperatingExpense": 654.7,
        "totalOtherIncomeExpenseNet": 6.7,
        "year": 2016
      },
      {
        "costOfGoodsSold": 610.7,
        "depreciationAmortization": 504.9,
        "dilutedAverageSharesOutstanding": 462.8,
        "dilutedEPS": -1.21,
        "ebit": 729,
        "equityEarningsAffiliates": 6.6,
        "gainLossOnDispositionOfAssets": 6.4,
        "grossIncome": 1329.8,
        "interestExpense": 479.596,
        "interestIncomeExpense": -479.6,
        "minorityInterest": -12.8,
        "netIncome": -560.6,
        "netIncomeAfterTaxes": 146.1,
        "nonRecurringItems": -135.7,
        "period": "2015-12-31",
        "pretaxIncome": 136.3,
        "provisionforIncomeTaxes": -9.8,
        "revenue": 1940.5,
        "sgaExpense": 96,
        "totalOperatingExpense": 600.8,
        "totalOtherIncomeExpenseNet": 16.2,
        "year": 2015
      }
    ],
    "symbol": "DOC"
  }
}