{
  "symbol": "ETR",
  "statement": "ic",
  "frequency": "quarterly",
  "timestamp": "2025-09-19T13:59:47.829379",
  "data": {
    "financials": [
      {
        "costOfGoodsSold": 405.718,
        "depreciationAmortization": 522.583,
        "dilutedAverageSharesOutstanding": 445.7009,
        "dilutedEPS": 1.0499,
        "ebit": 837.425,
        "grossIncome": 2923.131,
        "interestExpense": 322.074,
        "interestIncomeExpense": -234.655,
        "netIncome": 467.93,
        "netIncomeAfterTaxes": 471.954,
        "nonRecurringItems": 0,
        "operationsMaintenance": 724.463,
        "otherOperatingExpensesTotal": 202.386,
        "otherRevenue": 13.126,
        "period": "2025-06-30",
        "pretaxIncome": 610.353,
        "provisionforIncomeTaxes": 138.399,
        "purchasedFuelPowerGas": 636.274,
        "revenue": 3328.849,
        "totalOperatingExpense": 2085.706,
        "totalOtherIncomeExpenseNet": 7.583
      },
      {
        "costOfGoodsSold": 378.787,
        "depreciationAmortization": 512.943,
        "dilutedAverageSharesOutstanding": 440.6484,
        "dilutedEPS": 0.8187,
        "ebit": 700.104,
        "grossIncome": 2468.087,
        "interestExpense": 329.791,
        "interestIncomeExpense": -296.385,
        "netIncome": 360.76,
        "netIncomeAfterTaxes": 362.422,
        "nonRecurringItems": 0,
        "operationsMaintenance": 672.667,
        "otherOperatingExpensesTotal": 237.851,
        "otherRevenue": 17.277,
        "period": "2025-03-31",
        "pretaxIncome": 462.463,
        "provisionforIncomeTaxes": 100.041,
        "purchasedFuelPowerGas": 344.522,
        "revenue": 2846.874,
        "totalOperatingExpense": 1767.983,
        "totalOtherIncomeExpenseNet": 58.744
      },
      {
        "costOfGoodsSold": 231.516,
        "depreciationAmortization": 509.663,
        "dilutedAverageSharesOutstanding": 437.9051,
        "dilutedEPS": 0.6541,
        "ebit": 644.974,
        "grossIncome": 2510.789,
        "interestExpense": 298.9,
        "interestIncomeExpense": -285.635,
        "netIncome": 286.447,
        "netIncomeAfterTaxes": 287.162,
        "nonRecurringItems": 24.641,
        "operationsMaintenance": 786.545,
        "otherOperatingExpensesTotal": 99.881,
        "otherRevenue": 20.218,
        "period": "2024-12-31",
        "pretaxIncome": 398.086,
        "provisionforIncomeTaxes": 110.924,
        "purchasedFuelPowerGas": 469.726,
        "revenue": 2742.305,
        "totalOperatingExpense": 1865.815,
        "totalOtherIncomeExpenseNet": 14.106
      },
      {
        "costOfGoodsSold": 249.352,
        "depreciationAmortization": 498.481,
        "dilutedAverageSharesOutstanding": 431.3884,
        "dilutedEPS": 1.49,
        "ebit": 1125.862,
        "grossIncome": 3139.748,
        "interestExpense": 295.143,
        "interestIncomeExpense": -230.827,
        "netIncome": 644.94,
        "netIncomeAfterTaxes": 645.754,
        "nonRecurringItems": 0,
        "operationsMaintenance": 722.887,
        "otherOperatingExpensesTotal": 144.536,
        "otherRevenue": 18.962,
        "period": "2024-09-30",
        "pretaxIncome": 861.229,
        "provisionforIncomeTaxes": 215.475,
        "purchasedFuelPowerGas": 647.982,
        "revenue": 3389.1,
        "totalOperatingExpense": 2013.886,
        "totalOtherIncomeExpenseNet": -33.806
      },
      {
        "costOfGoodsSold": 238.982,
        "depreciationAmortization": 505.363,
        "dilutedAverageSharesOutstanding": 428.7535,
        "dilutedEPS": 0.11,
        "ebit": 617.63,
        "grossIncome": 2714.638,
        "interestExpense": 289.577,
        "interestIncomeExpense": -218.99,
        "netIncome": 48.922,
        "netIncomeAfterTaxes": 51.732,
        "nonRecurringItems": 0,
        "operationsMaintenance": 701.775,
        "otherOperatingExpensesTotal": 367.32,
        "otherRevenue": 12.216,
        "period": "2024-06-30",
        "pretaxIncome": 85.366,
        "provisionforIncomeTaxes": 33.634,
        "purchasedFuelPowerGas": 522.55,
        "revenue": 2953.62,
        "totalOperatingExpense": 2097.008,
        "totalOtherIncomeExpenseNet": -313.274
      },
      {
        "costOfGoodsSold": 266.405,
        "depreciationAmortization": 499.661,
        "dilutedAverageSharesOutstanding": 427.7463,
        "dilutedEPS": 0.17,
        "ebit": 369.757,
        "grossIncome": 2528.223,
        "interestExpense": 267.2,
        "interestIncomeExpense": -116.503,
        "netIncome": 75.281,
        "netIncomeAfterTaxes": 76.536,
        "nonRecurringItems": -131.775,
        "operationsMaintenance": 687.031,
        "otherOperatingExpensesTotal": 355.157,
        "otherRevenue": 22.455,
        "period": "2024-03-31",
        "pretaxIncome": 97.53,
        "provisionforIncomeTaxes": 20.994,
        "purchasedFuelPowerGas": 616.617,
        "revenue": 2794.628,
        "totalOperatingExpense": 2158.466,
        "totalOtherIncomeExpenseNet": -23.949
      },
      {
        "costOfGoodsSold": 252.909,
        "depreciationAmortization": 482.275,
        "dilutedAverageSharesOutstanding": 425.8376,
        "dilutedEPS": 2.31,
        "ebit": 261.158,
        "grossIncome": 2471.896,
        "interestExpense": 254.358,
        "interestIncomeExpense": -187.882,
        "netIncome": 987.602,
        "netIncomeAfterTaxes": 988.284,
        "nonRecurringItems": -4.601,
        "operationsMaintenance": 855.029,
        "otherOperatingExpensesTotal": 261.446,
        "otherRevenue": 27.838,
        "period": "2023-12-31",
        "pretaxIncome": 14.931,
        "provisionforIncomeTaxes": -973.353,
        "purchasedFuelPowerGas": 611.988,
        "revenue": 2724.805,
        "totalOperatingExpense": 2210.738,
        "totalOtherIncomeExpenseNet": -53.744
      },
      {
        "costOfGoodsSold": 348.433,
        "depreciationAmortization": 439.873,
        "dilutedAverageSharesOutstanding": 424.4762,
        "dilutedEPS": 1.57,
        "ebit": 1181.461,
        "grossIncome": 3247.089,
        "interestExpense": 255.441,
        "interestIncomeExpense": -252.879,
        "netIncome": 666.755,
        "netIncomeAfterTaxes": 669.714,
        "nonRecurringItems": -38.078,
        "operationsMaintenance": 751.763,
        "otherOperatingExpensesTotal": 166.501,
        "otherRevenue": 36.282,
        "period": "2023-09-30",
        "pretaxIncome": 896.711,
        "provisionforIncomeTaxes": 226.997,
        "purchasedFuelPowerGas": 707.491,
        "revenue": 3595.522,
        "totalOperatingExpense": 2065.628,
        "totalOtherIncomeExpenseNet": 6.207
      },
      {
        "costOfGoodsSold": 241.321,
        "depreciationAmortization": 468.938,
        "dilutedAverageSharesOutstanding": 424.4031,
        "dilutedEPS": 0.92,
        "ebit": 755.927,
        "grossIncome": 2604.705,
        "interestExpense": 250.868,
        "interestIncomeExpense": -205.44,
        "netIncome": 391.244,
        "netIncomeAfterTaxes": 392.014,
        "nonRecurringItems": 0,
        "operationsMaintenance": 659.894,
        "otherOperatingExpensesTotal": 136.229,
        "otherRevenue": 27.279,
        "period": "2023-06-30",
        "pretaxIncome": 526.81,
        "provisionforIncomeTaxes": 134.796,
        "purchasedFuelPowerGas": 583.717,
        "revenue": 2846.026,
        "totalOperatingExpense": 1848.778,
        "totalOtherIncomeExpenseNet": -23.677
      },
      {
        "costOfGoodsSold": 275.521,
        "depreciationAmortization": 453.916,
        "dilutedAverageSharesOutstanding": 424.293,
        "dilutedEPS": 0.73,
        "ebit": 462.109,
        "grossIncome": 2705.538,
        "interestExpense": 245.738,
        "interestIncomeExpense": -197.479,
        "netIncome": 310.935,
        "netIncomeAfterTaxes": 312.299,
        "nonRecurringItems": 0,
        "operationsMaintenance": 631.526,
        "otherOperatingExpensesTotal": 259.603,
        "otherRevenue": 33.067,
        "period": "2023-03-31",
        "pretaxIncome": 233.324,
        "provisionforIncomeTaxes": -78.975,
        "purchasedFuelPowerGas": 898.384,
        "revenue": 2981.059,
        "totalOperatingExpense": 2243.429,
        "totalOtherIncomeExpenseNet": -31.306
      },
      {
        "costOfGoodsSold": 342.633,
        "depreciationAmortization": 424.004,
        "dilutedAverageSharesOutstanding": 418.2331,
        "dilutedEPS": 0.25,
        "ebit": 448.878,
        "grossIncome": 2929.867,
        "interestExpense": 236.389,
        "interestIncomeExpense": -193.968,
        "netIncome": 106.474,
        "netIncomeAfterTaxes": 97.652,
        "nonRecurringItems": 0,
        "operationsMaintenance": 788.785,
        "otherOperatingExpensesTotal": 221.043,
        "otherRevenue": 42.741,
        "period": "2022-12-31",
        "pretaxIncome": 167.708,
        "provisionforIncomeTaxes": 70.056,
        "purchasedFuelPowerGas": 1047.157,
        "revenue": 3272.5,
        "totalOperatingExpense": 2480.989,
        "totalOtherIncomeExpenseNet": -87.202
      },
      {
        "costOfGoodsSold": 454.773,
        "depreciationAmortization": 453.288,
        "dilutedAverageSharesOutstanding": 409.156,
        "dilutedEPS": 1.37,
        "ebit": 954.562,
        "grossIncome": 3763.842,
        "interestExpense": 227.46,
        "interestIncomeExpense": -224.494,
        "netIncome": 560.589,
        "netIncomeAfterTaxes": 555.882,
        "nonRecurringItems": 0.143,
        "operationsMaintenance": 793.145,
        "otherOperatingExpensesTotal": 196.036,
        "otherRevenue": 62.009,
        "period": "2022-09-30",
        "pretaxIncome": 739.994,
        "provisionforIncomeTaxes": 184.112,
        "purchasedFuelPowerGas": 1366.811,
        "revenue": 4218.615,
        "totalOperatingExpense": 2809.28,
        "totalOtherIncomeExpenseNet": 9.783
      },
      {
        "costOfGoodsSold": 607.544,
        "depreciationAmortization": 444.759,
        "dilutedAverageSharesOutstanding": 409.4245,
        "dilutedEPS": 0.39,
        "ebit": -82.934,
        "grossIncome": 2787.652,
        "interestExpense": 226.861,
        "interestIncomeExpense": -325.91,
        "netIncome": 159.703,
        "netIncomeAfterTaxes": 164.011,
        "nonRecurringItems": 164.066,
        "operationsMaintenance": 777.715,
        "otherOperatingExpensesTotal": 996.166,
        "otherRevenue": 88.933,
        "period": "2022-06-30",
        "pretaxIncome": -195.632,
        "provisionforIncomeTaxes": -359.643,
        "purchasedFuelPowerGas": 651.946,
        "revenue": 3395.196,
        "totalOperatingExpense": 2870.586,
        "totalOtherIncomeExpenseNet": 49.146
      },
      {
        "costOfGoodsSold": 312.628,
        "depreciationAmortization": 438.972,
        "dilutedAverageSharesOutstanding": 407.777,
        "dilutedEPS": 0.67,
        "ebit": 566.804,
        "grossIncome": 2565.297,
        "interestExpense": 221.526,
        "interestIncomeExpense": -243.444,
        "netIncome": 276.4,
        "netIncomeAfterTaxes": 279.593,
        "nonRecurringItems": -0.744,
        "operationsMaintenance": 678.812,
        "otherOperatingExpensesTotal": 213.771,
        "otherRevenue": 149.788,
        "period": "2022-03-31",
        "pretaxIncome": 346.09,
        "provisionforIncomeTaxes": 66.497,
        "purchasedFuelPowerGas": 666.938,
        "revenue": 2877.925,
        "totalOperatingExpense": 1998.493,
        "totalOtherIncomeExpenseNet": 23.474
      },
      {
        "costOfGoodsSold": 370.128,
        "depreciationAmortization": 426.477,
        "dilutedAverageSharesOutstanding": 405.5732,
        "dilutedEPS": 0.63,
        "ebit": 259.948,
        "grossIncome": 2352.328,
        "interestExpense": 211.943,
        "interestIncomeExpense": -71.234,
        "netIncome": 258.898,
        "netIncomeAfterTaxes": 245.386,
        "nonRecurringItems": 81.601,
        "operationsMaintenance": 780.123,
        "otherOperatingExpensesTotal": 292.7,
        "otherRevenue": 139.035,
        "period": "2021-12-31",
        "pretaxIncome": 230.952,
        "provisionforIncomeTaxes": -14.434,
        "purchasedFuelPowerGas": 593.08,
        "revenue": 2722.456,
        "totalOperatingExpense": 2092.38,
        "totalOtherIncomeExpenseNet": -39.363
      },
      {
        "costOfGoodsSold": 354.641,
        "depreciationAmortization": 421.745,
        "dilutedAverageSharesOutstanding": 404.0067,
        "dilutedEPS": 1.31,
        "ebit": 827.731,
        "grossIncome": 2998.891,
        "interestExpense": 209.5,
        "interestIncomeExpense": -134.388,
        "netIncome": 531.003,
        "netIncomeAfterTaxes": 535.583,
        "nonRecurringItems": 0.139,
        "operationsMaintenance": 700.595,
        "otherOperatingExpensesTotal": 311.035,
        "otherRevenue": 162.309,
        "period": "2021-09-30",
        "pretaxIncome": 693.865,
        "provisionforIncomeTaxes": 158.282,
        "purchasedFuelPowerGas": 737.785,
        "revenue": 3353.532,
        "totalOperatingExpense": 2171.16,
        "totalOtherIncomeExpenseNet": 0.383
      },
      {
        "costOfGoodsSold": 296.071,
        "depreciationAmortization": 421.545,
        "dilutedAverageSharesOutstanding": 401.5508,
        "dilutedEPS": -0.03,
        "ebit": 510.3,
        "grossIncome": 2525.999,
        "interestExpense": 213.376,
        "interestIncomeExpense": -142.047,
        "netIncome": -5.974,
        "netIncomeAfterTaxes": -1.394,
        "nonRecurringItems": -342.092,
        "operationsMaintenance": 781.118,
        "otherOperatingExpensesTotal": 186.972,
        "otherRevenue": 148.697,
        "period": "2021-06-30",
        "pretaxIncome": -19.81,
        "provisionforIncomeTaxes": -18.416,
        "purchasedFuelPowerGas": 626.064,
        "revenue": 2822.07,
        "totalOperatingExpense": 2015.699,
        "totalOtherIncomeExpenseNet": -45.971
      },
      {
        "costOfGoodsSold": 423.473,
        "depreciationAmortization": 414.519,
        "dilutedAverageSharesOutstanding": 402.1193,
        "dilutedEPS": 0.83,
        "ebit": 511.27,
        "grossIncome": 2421.365,
        "interestExpense": 199.873,
        "interestIncomeExpense": -56.558,
        "netIncome": 334.565,
        "netIncomeAfterTaxes": 339.145,
        "nonRecurringItems": -3.273,
        "operationsMaintenance": 706.786,
        "otherOperatingExpensesTotal": 287.623,
        "otherRevenue": 248.25,
        "period": "2021-03-31",
        "pretaxIncome": 405.087,
        "provisionforIncomeTaxes": 65.942,
        "purchasedFuelPowerGas": 501.167,
        "revenue": 2844.838,
        "totalOperatingExpense": 1910.095,
        "totalOtherIncomeExpenseNet": -46.352
      },
      {
        "costOfGoodsSold": 255.43,
        "depreciationAmortization": 408.029,
        "dilutedAverageSharesOutstanding": 403.073,
        "dilutedEPS": 0.96,
        "ebit": 162.402,
        "grossIncome": 2114.672,
        "interestExpense": 194.131,
        "interestIncomeExpense": 2.861,
        "netIncome": 387.968,
        "netIncomeAfterTaxes": 392.548,
        "nonRecurringItems": -10.291,
        "operationsMaintenance": 812.945,
        "otherOperatingExpensesTotal": 327.001,
        "otherRevenue": 196.279,
        "period": "2020-12-31",
        "pretaxIncome": 103.676,
        "provisionforIncomeTaxes": -288.872,
        "purchasedFuelPowerGas": 404.295,
        "revenue": 2370.102,
        "totalOperatingExpense": 1952.27,
        "totalOtherIncomeExpenseNet": -51.296
      },
      {
        "costOfGoodsSold": 309.308,
        "depreciationAmortization": 401.578,
        "dilutedAverageSharesOutstanding": 402.2315,
        "dilutedEPS": 1.29,
        "ebit": 782.477,
        "grossIncome": 2594.26,
        "interestExpense": 196.731,
        "interestIncomeExpense": -68.874,
        "netIncome": 521.119,
        "netIncomeAfterTaxes": 525.699,
        "nonRecurringItems": -4.461,
        "operationsMaintenance": 751.337,
        "otherOperatingExpensesTotal": 237.2,
        "otherRevenue": 214.406,
        "period": "2020-09-30",
        "pretaxIncome": 675.143,
        "provisionforIncomeTaxes": 149.444,
        "purchasedFuelPowerGas": 421.668,
        "revenue": 2903.568,
        "totalOperatingExpense": 1811.783,
        "totalOtherIncomeExpenseNet": -33.999
      },
      {
        "costOfGoodsSold": 256.855,
        "depreciationAmortization": 403.769,
        "dilutedAverageSharesOutstanding": 401.7735,
        "dilutedEPS": 0.89,
        "ebit": 446.086,
        "grossIncome": 2155.933,
        "interestExpense": 204.656,
        "interestIncomeExpense": 80.167,
        "netIncome": 360.533,
        "netIncomeAfterTaxes": 365.113,
        "nonRecurringItems": -6.775,
        "operationsMaintenance": 736.261,
        "otherOperatingExpensesTotal": 228.812,
        "otherRevenue": 199.736,
        "period": "2020-06-30",
        "pretaxIncome": 454.228,
        "provisionforIncomeTaxes": 89.115,
        "purchasedFuelPowerGas": 341.005,
        "revenue": 2412.788,
        "totalOperatingExpense": 1709.847,
        "totalOtherIncomeExpenseNet": -65.25
      },
      {
        "costOfGoodsSold": 266.832,
        "depreciationAmortization": 399.71,
        "dilutedAverageSharesOutstanding": 399.58,
        "dilutedEPS": 0.29,
        "ebit": 404.851,
        "grossIncome": 2160.347,
        "interestExpense": 190.145,
        "interestIncomeExpense": -406.998,
        "netIncome": 118.714,
        "netIncomeAfterTaxes": 123.294,
        "nonRecurringItems": -5.095,
        "operationsMaintenance": 702.084,
        "otherOperatingExpensesTotal": 256.299,
        "otherRevenue": 332.565,
        "period": "2020-03-31",
        "pretaxIncome": 52.1,
        "provisionforIncomeTaxes": -71.194,
        "purchasedFuelPowerGas": 397.403,
        "revenue": 2427.179,
        "totalOperatingExpense": 1755.496,
        "totalOtherIncomeExpenseNet": 59.342
      },
      {
        "costOfGoodsSold": 242.633,
        "depreciationAmortization": 380.026,
        "dilutedAverageSharesOutstanding": 401.8792,
        "dilutedEPS": 0.95,
        "ebit": 250.084,
        "grossIncome": 2219.673,
        "interestExpense": 187.942,
        "interestIncomeExpense": -46.693,
        "netIncome": 385.025,
        "netIncomeAfterTaxes": 389.605,
        "nonRecurringItems": -1.544,
        "operationsMaintenance": 841.764,
        "otherOperatingExpensesTotal": 260.753,
        "otherRevenue": 270.973,
        "period": "2019-12-31",
        "pretaxIncome": 146.35,
        "provisionforIncomeTaxes": -243.255,
        "purchasedFuelPowerGas": 487.046,
        "revenue": 2462.306,
        "totalOperatingExpense": 1969.589,
        "totalOtherIncomeExpenseNet": -55.497
      },
      {
        "costOfGoodsSold": 368.383,
        "depreciationAmortization": 379.219,
        "dilutedAverageSharesOutstanding": 400.9859,
        "dilutedEPS": 0.91,
        "ebit": 718.015,
        "grossIncome": 2772.192,
        "interestExpense": 186.639,
        "interestIncomeExpense": -104.344,
        "netIncome": 365.24,
        "netIncomeAfterTaxes": 369.459,
        "nonRecurringItems": -198.086,
        "operationsMaintenance": 805.696,
        "otherOperatingExpensesTotal": 272.323,
        "otherRevenue": 300.372,
        "period": "2019-09-30",
        "pretaxIncome": 398.66,
        "provisionforIncomeTaxes": 29.201,
        "purchasedFuelPowerGas": 596.939,
        "revenue": 3140.575,
        "totalOperatingExpense": 2054.177,
        "totalOtherIncomeExpenseNet": -16.925
      },
      {
        "costOfGoodsSold": 396.823,
        "depreciationAmortization": 363.496,
        "dilutedAverageSharesOutstanding": 388.4766,
        "dilutedEPS": 0.6,
        "ebit": 355.194,
        "grossIncome": 2269.386,
        "interestExpense": 184.301,
        "interestIncomeExpense": -88.083,
        "netIncome": 236.424,
        "netIncomeAfterTaxes": 240.533,
        "nonRecurringItems": -16.419,
        "operationsMaintenance": 841.87,
        "otherOperatingExpensesTotal": 241.503,
        "otherRevenue": 289.783,
        "period": "2019-06-30",
        "pretaxIncome": 241.991,
        "provisionforIncomeTaxes": 1.458,
        "purchasedFuelPowerGas": 467.323,
        "revenue": 2666.209,
        "totalOperatingExpense": 1914.192,
        "totalOtherIncomeExpenseNet": -8.701
      },
      {
        "costOfGoodsSold": 389.948,
        "depreciationAmortization": 357.274,
        "dilutedAverageSharesOutstanding": 384.4684,
        "dilutedEPS": 0.66,
        "ebit": 357.233,
        "grossIncome": 2219.636,
        "interestExpense": 183.544,
        "interestIncomeExpense": 44.605,
        "netIncome": 254.537,
        "netIncomeAfterTaxes": 258.646,
        "nonRecurringItems": -73.979,
        "operationsMaintenance": 783.051,
        "otherOperatingExpensesTotal": 243.748,
        "otherRevenue": 433.612,
        "period": "2019-03-31",
        "pretaxIncome": 301.417,
        "provisionforIncomeTaxes": 42.771,
        "purchasedFuelPowerGas": 478.33,
        "revenue": 2609.584,
        "totalOperatingExpense": 1862.403,
        "totalOtherIncomeExpenseNet": -26.442
      },
      {
        "costOfGoodsSold": 444.131,
        "depreciationAmortization": 347.343,
        "dilutedAverageSharesOutstanding": 366.2041,
        "dilutedEPS": -0.17,
        "ebit": 6.307,
        "grossIncome": 2068.351,
        "interestExpense": 179.977,
        "interestIncomeExpense": -381.199,
        "netIncome": -65.899,
        "netIncomeAfterTaxes": -63.922,
        "nonRecurringItems": -235.239,
        "operationsMaintenance": 868.698,
        "otherOperatingExpensesTotal": 336.577,
        "otherRevenue": 361.299,
        "period": "2018-12-31",
        "pretaxIncome": -579.211,
        "provisionforIncomeTaxes": -515.289,
        "purchasedFuelPowerGas": 509.426,
        "revenue": 2512.482,
        "totalOperatingExpense": 2062.044,
        "totalOtherIncomeExpenseNet": 30.92
      },
      {
        "costOfGoodsSold": 477.317,
        "depreciationAmortization": 324.628,
        "dilutedAverageSharesOutstanding": 367.3292,
        "dilutedEPS": 1.46,
        "ebit": 426.25,
        "grossIncome": 2627.002,
        "interestExpense": 180.067,
        "interestIncomeExpense": -2.986,
        "netIncome": 536.379,
        "netIncomeAfterTaxes": 539.818,
        "nonRecurringItems": -155.215,
        "operationsMaintenance": 854.013,
        "otherOperatingExpensesTotal": 292.842,
        "otherRevenue": 380.08,
        "period": "2018-09-30",
        "pretaxIncome": 256.812,
        "provisionforIncomeTaxes": -283.006,
        "purchasedFuelPowerGas": 729.269,
        "revenue": 3104.319,
        "totalOperatingExpense": 2200.752,
        "totalOtherIncomeExpenseNet": -11.237
      },
      {
        "costOfGoodsSold": 452.394,
        "depreciationAmortization": 350.485,
        "dilutedAverageSharesOutstanding": 365.9653,
        "dilutedEPS": 0.67,
        "ebit": 160.54,
        "grossIncome": 2216.376,
        "interestExpense": 177.646,
        "interestIncomeExpense": -106.512,
        "netIncome": 245.421,
        "netIncomeAfterTaxes": 248.86,
        "nonRecurringItems": -68.943,
        "operationsMaintenance": 840.103,
        "otherOperatingExpensesTotal": 399.446,
        "otherRevenue": 308.602,
        "period": "2018-06-30",
        "pretaxIncome": -31.736,
        "provisionforIncomeTaxes": -280.596,
        "purchasedFuelPowerGas": 465.802,
        "revenue": 2668.77,
        "totalOperatingExpense": 2055.836,
        "totalOtherIncomeExpenseNet": -16.821
      },
      {
        "costOfGoodsSold": 438.783,
        "depreciationAmortization": 347.065,
        "dilutedAverageSharesOutstanding": 362.864,
        "dilutedEPS": 0.36,
        "ebit": 408.588,
        "grossIncome": 2285.098,
        "interestExpense": 169.658,
        "interestIncomeExpense": -152.788,
        "netIncome": 132.761,
        "netIncomeAfterTaxes": 137.8,
        "nonRecurringItems": -72.924,
        "operationsMaintenance": 783.585,
        "otherOperatingExpensesTotal": 302.564,
        "otherRevenue": 418.924,
        "period": "2018-03-31",
        "pretaxIncome": 179.863,
        "provisionforIncomeTaxes": 42.063,
        "purchasedFuelPowerGas": 443.296,
        "revenue": 2723.881,
        "totalOperatingExpense": 1876.51,
        "totalOtherIncomeExpenseNet": -3.013
      },
      {
        "costOfGoodsSold": 289.571,
        "depreciationAmortization": 337.646,
        "dilutedAverageSharesOutstanding": 360.6209,
        "dilutedEPS": -1.32,
        "ebit": 370.13,
        "grossIncome": 2334.274,
        "interestExpense": 170.543,
        "interestIncomeExpense": -77.324,
        "netIncome": -479.114,
        "netIncomeAfterTaxes": 84.699,
        "nonRecurringItems": -133.058,
        "operationsMaintenance": 889.869,
        "otherOperatingExpensesTotal": 171.502,
        "otherRevenue": 362.863,
        "period": "2017-12-31",
        "pretaxIncome": 154.414,
        "provisionforIncomeTaxes": 69.715,
        "purchasedFuelPowerGas": 565.127,
        "revenue": 2623.845,
        "totalOperatingExpense": 1964.144,
        "totalOtherIncomeExpenseNet": -5.334
      },
      {
        "costOfGoodsSold": 451.413,
        "depreciationAmortization": 354.739,
        "dilutedAverageSharesOutstanding": 360.9281,
        "dilutedEPS": 1.1,
        "ebit": 775.224,
        "grossIncome": 2792.215,
        "interestExpense": 166.899,
        "interestIncomeExpense": -108.567,
        "netIncome": 398.198,
        "netIncomeAfterTaxes": 401.644,
        "nonRecurringItems": -16.221,
        "operationsMaintenance": 775.001,
        "otherOperatingExpensesTotal": 274.301,
        "otherRevenue": 423.245,
        "period": "2017-09-30",
        "pretaxIncome": 643.439,
        "provisionforIncomeTaxes": 241.795,
        "purchasedFuelPowerGas": 612.95,
        "revenue": 3243.628,
        "totalOperatingExpense": 2016.991,
        "totalOtherIncomeExpenseNet": -6.997
      },
      {
        "costOfGoodsSold": 454.785,
        "depreciationAmortization": 350.328,
        "dilutedAverageSharesOutstanding": 360.4694,
        "dilutedEPS": 1.13,
        "ebit": 362.41,
        "grossIncome": 2163.765,
        "interestExpense": 162.854,
        "interestIncomeExpense": -82.757,
        "netIncome": 409.922,
        "netIncomeAfterTaxes": 413.368,
        "nonRecurringItems": -193.571,
        "operationsMaintenance": 794.967,
        "otherOperatingExpensesTotal": 260.113,
        "otherRevenue": 317.255,
        "period": "2017-06-30",
        "pretaxIncome": 76.256,
        "provisionforIncomeTaxes": -337.112,
        "purchasedFuelPowerGas": 395.947,
        "revenue": 2618.55,
        "totalOperatingExpense": 1801.355,
        "totalOtherIncomeExpenseNet": -9.826
      },
      {
        "costOfGoodsSold": 400.332,
        "depreciationAmortization": 347.265,
        "dilutedAverageSharesOutstanding": 359.6841,
        "dilutedEPS": 0.22,
        "ebit": 391.014,
        "grossIncome": 2188.126,
        "interestExpense": 162.047,
        "interestIncomeExpense": -105.498,
        "netIncome": 82.605,
        "netIncomeAfterTaxes": 86.051,
        "nonRecurringItems": -195.521,
        "operationsMaintenance": 846.856,
        "otherOperatingExpensesTotal": 185.425,
        "otherRevenue": 553.367,
        "period": "2017-03-31",
        "pretaxIncome": 93.814,
        "provisionforIncomeTaxes": 7.763,
        "purchasedFuelPowerGas": 417.566,
        "revenue": 2588.458,
        "totalOperatingExpense": 1797.112,
        "totalOtherIncomeExpenseNet": 3.819
      },
      {
        "costOfGoodsSold": 394.152,
        "depreciationAmortization": 336.848,
        "dilutedAverageSharesOutstanding": 358.2604,
        "dilutedEPS": -4.93,
        "ebit": 274.7,
        "grossIncome": 2254.375,
        "interestExpense": 164.546,
        "interestIncomeExpense": -136.081,
        "netIncome": -1769.067,
        "netIncomeAfterTaxes": -1765.538,
        "nonRecurringItems": -2802.467,
        "operationsMaintenance": 901.127,
        "otherOperatingExpensesTotal": 279.922,
        "otherRevenue": 508.104,
        "period": "2016-12-31",
        "pretaxIncome": -2731.676,
        "provisionforIncomeTaxes": -966.138,
        "purchasedFuelPowerGas": 461.778,
        "revenue": 2648.527,
        "totalOperatingExpense": 1979.675,
        "totalOtherIncomeExpenseNet": -67.828
      },
      {
        "costOfGoodsSold": 431.782,
        "depreciationAmortization": 340.399,
        "dilutedAverageSharesOutstanding": 359.9818,
        "dilutedEPS": 1.07,
        "ebit": 790.901,
        "grossIncome": 2692.921,
        "interestExpense": 167.195,
        "interestIncomeExpense": -129.661,
        "netIncome": 388.17,
        "netIncomeAfterTaxes": 393.204,
        "nonRecurringItems": -18.841,
        "operationsMaintenance": 833.176,
        "otherOperatingExpensesTotal": 267.455,
        "otherRevenue": 475.345,
        "period": "2016-09-30",
        "pretaxIncome": 651.11,
        "provisionforIncomeTaxes": 257.906,
        "purchasedFuelPowerGas": 460.99,
        "revenue": 3124.703,
        "totalOperatingExpense": 1902.02,
        "totalOtherIncomeExpenseNet": 8.711
      },
      {
        "costOfGoodsSold": 289.717,
        "depreciationAmortization": 335.668,
        "dilutedAverageSharesOutstanding": 359.0072,
        "dilutedEPS": 1.58,
        "ebit": 449.227,
        "grossIncome": 2172.845,
        "interestExpense": 170.499,
        "interestIncomeExpense": -124.124,
        "netIncome": 567.314,
        "netIncomeAfterTaxes": 572.59,
        "nonRecurringItems": -6.969,
        "operationsMaintenance": 759.258,
        "otherOperatingExpensesTotal": 247.227,
        "otherRevenue": 344.11,
        "period": "2016-06-30",
        "pretaxIncome": 323.617,
        "provisionforIncomeTaxes": -248.973,
        "purchasedFuelPowerGas": 381.465,
        "revenue": 2462.562,
        "totalOperatingExpense": 1723.618,
        "totalOtherIncomeExpenseNet": 5.483
      },
      {
        "costOfGoodsSold": 313.553,
        "depreciationAmortization": 334.273,
        "dilutedAverageSharesOutstanding": 357.9528,
        "dilutedEPS": 0.64,
        "ebit": 505.579,
        "grossIncome": 2296.299,
        "interestExpense": 164.129,
        "interestIncomeExpense": -131.376,
        "netIncome": 229.966,
        "netIncomeAfterTaxes": 235.242,
        "nonRecurringItems": -7.361,
        "operationsMaintenance": 731.915,
        "otherOperatingExpensesTotal": 219.565,
        "otherRevenue": 522.079,
        "period": "2016-03-31",
        "pretaxIncome": 375.187,
        "provisionforIncomeTaxes": 139.945,
        "purchasedFuelPowerGas": 504.967,
        "revenue": 2609.852,
        "totalOperatingExpense": 1790.72,
        "totalOtherIncomeExpenseNet": 8.345
      },
      {
        "costOfGoodsSold": 326.81,
        "depreciationAmortization": 330.095,
        "dilutedAverageSharesOutstanding": 356.7578,
        "dilutedEPS": 0.27,
        "ebit": 54.364,
        "grossIncome": 2181.713,
        "interestExpense": 159.373,
        "interestIncomeExpense": -119.204,
        "netIncome": 99.573,
        "netIncomeAfterTaxes": 104.849,
        "nonRecurringItems": -308.665,
        "operationsMaintenance": 904.613,
        "otherOperatingExpensesTotal": 360.075,
        "otherRevenue": 458.184,
        "period": "2015-12-31",
        "pretaxIncome": -420.666,
        "provisionforIncomeTaxes": -525.515,
        "purchasedFuelPowerGas": 532.566,
        "revenue": 2508.523,
        "totalOperatingExpense": 2127.349,
        "totalOtherIncomeExpenseNet": -47.161
      },
      {
        "costOfGoodsSold": 518.361,
        "depreciationAmortization": 334.841,
        "dilutedAverageSharesOutstanding": 358.3037,
        "dilutedEPS": -2.01,
        "ebit": 677.188,
        "grossIncome": 2853.045,
        "interestExpense": 164.06,
        "interestIncomeExpense": -125.006,
        "netIncome": -723.027,
        "netIncomeAfterTaxes": -718.233,
        "nonRecurringItems": -1642.204,
        "operationsMaintenance": 852.385,
        "otherOperatingExpensesTotal": 249.182,
        "otherRevenue": 521.746,
        "period": "2015-09-30",
        "pretaxIncome": -1085.898,
        "provisionforIncomeTaxes": -367.665,
        "purchasedFuelPowerGas": 739.449,
        "revenue": 3371.406,
        "totalOperatingExpense": 2175.857,
        "totalOtherIncomeExpenseNet": 4.124
      }
    ],
    "symbol": "ETR"
  }
}