{
  "symbol": "BIIB",
  "statement": "ic",
  "frequency": "annual",
  "timestamp": "2025-09-19T13:56:48.439202",
  "data": {
    "financials": [
      {
        "costOfGoodsSold": 2208.5,
        "depreciationAmortization": 386.5,
        "dilutedAverageSharesOutstanding": 145.9,
        "dilutedEPS": 11.1871,
        "ebit": 2651.4,
        "equityEarningsAffiliates": 0,
        "grossIncome": 7467.4,
        "interestExpense": 250.3,
        "interestIncomeExpense": -568.4,
        "minorityInterest": 0,
        "netIncome": 1632.2,
        "netIncomeAfterTaxes": 1632.2,
        "nonRecurringItems": -147.4,
        "otherOperatingExpensesTotal": 12.9,
        "period": "2024-12-31",
        "pretaxIncome": 1906,
        "provisionforIncomeTaxes": 273.8,
        "researchDevelopment": 2015.4,
        "revenue": 9675.9,
        "sgaExpense": 2401.2,
        "totalOperatingExpense": 4816,
        "totalOtherIncomeExpenseNet": -29.6,
        "year": 2024
      },
      {
        "costOfGoodsSold": 2409,
        "depreciationAmortization": 240.6,
        "dilutedAverageSharesOutstanding": 145.6,
        "dilutedEPS": 7.9746,
        "ebit": 2174.3,
        "equityEarningsAffiliates": 0,
        "grossIncome": 7426.6,
        "interestExpense": 246.9,
        "interestIncomeExpense": -530.8,
        "minorityInterest": -0.4,
        "netIncome": 1161.1,
        "netIncomeAfterTaxes": 1161.5,
        "nonRecurringItems": -343.2,
        "otherOperatingExpensesTotal": -23.5,
        "period": "2023-12-31",
        "pretaxIncome": 1296.8,
        "provisionforIncomeTaxes": 135.3,
        "researchDevelopment": 2459.5,
        "revenue": 9835.6,
        "sgaExpense": 2575.7,
        "totalOperatingExpense": 5252.3,
        "totalOtherIncomeExpenseNet": -3.5,
        "year": 2023
      },
      {
        "costOfGoodsSold": 2278,
        "depreciationAmortization": 246,
        "dilutedAverageSharesOutstanding": 146,
        "dilutedEPS": 20.87,
        "ebit": 3224,
        "equityEarningsAffiliates": 3,
        "grossIncome": 7895,
        "interestExpense": 246.6,
        "interestIncomeExpense": -463,
        "minorityInterest": 85,
        "netIncome": 3047,
        "netIncomeAfterTaxes": 2959,
        "nonRecurringItems": 841,
        "otherOperatingExpensesTotal": -233,
        "period": "2022-12-31",
        "pretaxIncome": 3592,
        "provisionforIncomeTaxes": 633,
        "researchDevelopment": 2229,
        "revenue": 10173,
        "sgaExpense": 2430,
        "totalOperatingExpense": 4671,
        "totalOtherIncomeExpenseNet": -10,
        "year": 2022
      },
      {
        "costOfGoodsSold": 2110,
        "depreciationAmortization": 252,
        "dilutedAverageSharesOutstanding": 150,
        "dilutedEPS": 10.37,
        "ebit": 3495,
        "equityEarningsAffiliates": 35,
        "grossIncome": 8872,
        "interestExpense": 253.6,
        "interestIncomeExpense": -1097,
        "minorityInterest": -172,
        "netIncome": 1556,
        "netIncomeAfterTaxes": 1693,
        "nonRecurringItems": -647,
        "otherOperatingExpensesTotal": -75,
        "period": "2021-12-31",
        "pretaxIncome": 1745,
        "provisionforIncomeTaxes": 53,
        "researchDevelopment": 2497,
        "revenue": 10982,
        "sgaExpense": 2702,
        "totalOperatingExpense": 5377,
        "totalOtherIncomeExpenseNet": -6,
        "year": 2021
      },
      {
        "costOfGoodsSold": 1805,
        "depreciationAmortization": 255,
        "dilutedAverageSharesOutstanding": 161,
        "dilutedEPS": 24.85,
        "ebit": 4975,
        "equityEarningsAffiliates": 5,
        "grossIncome": 11639,
        "interestExpense": 222.5,
        "interestIncomeExpense": 262,
        "minorityInterest": -60,
        "netIncome": 4001,
        "netIncomeAfterTaxes": 4055,
        "nonRecurringItems": -192,
        "otherOperatingExpensesTotal": -111,
        "period": "2020-12-31",
        "pretaxIncome": 5048,
        "provisionforIncomeTaxes": 992,
        "researchDevelopment": 3985,
        "revenue": 13445,
        "sgaExpense": 2535,
        "totalOperatingExpense": 6665,
        "totalOtherIncomeExpenseNet": 3,
        "year": 2020
      },
      {
        "costOfGoodsSold": 1955,
        "depreciationAmortization": 274,
        "dilutedAverageSharesOutstanding": 187,
        "dilutedEPS": 31.49,
        "ebit": 7558,
        "equityEarningsAffiliates": -79,
        "grossIncome": 12423,
        "interestExpense": 187.4,
        "interestIncomeExpense": -105,
        "minorityInterest": 0,
        "netIncome": 5889,
        "netIncomeAfterTaxes": 5968,
        "nonRecurringItems": -273,
        "otherOperatingExpensesTotal": -38,
        "period": "2019-12-31",
        "pretaxIncome": 7126,
        "provisionforIncomeTaxes": 1158,
        "researchDevelopment": 2273,
        "revenue": 14378,
        "sgaExpense": 2357,
        "totalOperatingExpense": 4865,
        "totalOtherIncomeExpenseNet": -54,
        "year": 2019
      },
      {
        "costOfGoodsSold": 1816,
        "depreciationAmortization": 381,
        "dilutedAverageSharesOutstanding": 205,
        "dilutedEPS": 21.61,
        "ebit": 6565,
        "equityEarningsAffiliates": 0,
        "grossIncome": 11637,
        "interestExpense": 200.6,
        "interestIncomeExpense": -163,
        "minorityInterest": -43,
        "netIncome": 4431,
        "netIncomeAfterTaxes": 4498,
        "nonRecurringItems": -491,
        "otherOperatingExpensesTotal": -12,
        "period": "2018-12-31",
        "pretaxIncome": 5900,
        "provisionforIncomeTaxes": 1402,
        "researchDevelopment": 2597,
        "revenue": 13453,
        "sgaExpense": 2106,
        "totalOperatingExpense": 5072,
        "totalOtherIncomeExpenseNet": -11,
        "year": 2018
      },
      {
        "costOfGoodsSold": 1630,
        "depreciationAmortization": 815,
        "dilutedAverageSharesOutstanding": 213,
        "dilutedEPS": 11.92,
        "ebit": 5577,
        "equityEarningsAffiliates": 0,
        "grossIncome": 10644,
        "interestExpense": 250.8,
        "interestIncomeExpense": -306,
        "minorityInterest": -131,
        "netIncome": 2539,
        "netIncomeAfterTaxes": 3844,
        "nonRecurringItems": -121,
        "otherOperatingExpensesTotal": 63,
        "period": "2017-12-31",
        "pretaxIncome": 5129,
        "provisionforIncomeTaxes": 1285,
        "researchDevelopment": 2254,
        "revenue": 12274,
        "sgaExpense": 1936,
        "totalOperatingExpense": 5067,
        "totalOtherIncomeExpenseNet": -22,
        "year": 2017
      },
      {
        "costOfGoodsSold": 1479,
        "depreciationAmortization": 373,
        "dilutedAverageSharesOutstanding": 219,
        "dilutedEPS": 16.92,
        "ebit": 5660,
        "equityEarningsAffiliates": 0,
        "grossIncome": 9970,
        "interestExpense": 260,
        "interestIncomeExpense": -207,
        "minorityInterest": 7,
        "netIncome": 3703,
        "netIncomeAfterTaxes": 3696,
        "nonRecurringItems": -500,
        "otherOperatingExpensesTotal": 15,
        "period": "2016-12-31",
        "pretaxIncome": 4933,
        "provisionforIncomeTaxes": 1237,
        "researchDevelopment": 1973,
        "revenue": 11449,
        "sgaExpense": 1948,
        "totalOperatingExpense": 4309,
        "totalOtherIncomeExpenseNet": -20,
        "year": 2016
      },
      {
        "costOfGoodsSold": 1240,
        "depreciationAmortization": 383,
        "dilutedAverageSharesOutstanding": 231,
        "dilutedEPS": 15.34,
        "ebit": 4984,
        "equityEarningsAffiliates": -13,
        "grossIncome": 9523,
        "interestExpense": 95.5,
        "interestIncomeExpense": -105,
        "minorityInterest": -46,
        "netIncome": 3547,
        "netIncomeAfterTaxes": 3606,
        "nonRecurringItems": -93,
        "otherOperatingExpensesTotal": 31,
        "period": "2015-12-31",
        "pretaxIncome": 4767,
        "provisionforIncomeTaxes": 1162,
        "researchDevelopment": 2013,
        "revenue": 10764,
        "sgaExpense": 2113,
        "totalOperatingExpense": 4540,
        "totalOtherIncomeExpenseNet": -19,
        "year": 2015
      }
    ],
    "symbol": "BIIB"
  }
}