{
  "symbol": "SRE",
  "statement": "ic",
  "frequency": "annual",
  "timestamp": "2025-09-19T14:06:34.533991",
  "data": {
    "financials": [
      {
        "depreciationAmortization": 2437,
        "dilutedAverageSharesOutstanding": 637.943,
        "dilutedEPS": 4.4158,
        "ebit": 2962,
        "equityEarningsAffiliates": 1609,
        "interestExpense": 1049,
        "interestIncomeExpense": -966,
        "minorityInterest": -638,
        "netIncome": 2817,
        "netIncomeAfterTaxes": 1891,
        "nonRecurringItems": 0,
        "operationsMaintenance": 5336,
        "otherOperatingExpensesTotal": 693,
        "otherRevenue": 1748,
        "period": "2024-12-31",
        "pretaxIncome": 2110,
        "provisionforIncomeTaxes": 219,
        "purchasedFuelPowerGas": 1757,
        "revenue": 13185,
        "totalOperatingExpense": 10223,
        "totalOtherIncomeExpenseNet": 114,
        "year": 2024
      },
      {
        "depreciationAmortization": 2227,
        "dilutedAverageSharesOutstanding": 632.733,
        "dilutedEPS": 4.7888,
        "ebit": 3715,
        "equityEarningsAffiliates": 1481,
        "gainLossOnDispositionOfAssets": 1,
        "interestExpense": 1309,
        "interestIncomeExpense": -1186,
        "minorityInterest": -543,
        "netIncome": 3030,
        "netIncomeAfterTaxes": 2137,
        "nonRecurringItems": 0,
        "operationsMaintenance": 5459,
        "otherOperatingExpensesTotal": 677,
        "otherRevenue": 2891,
        "period": "2023-12-31",
        "pretaxIncome": 2627,
        "provisionforIncomeTaxes": 490,
        "purchasedFuelPowerGas": 4642,
        "revenue": 16720,
        "totalOperatingExpense": 13005,
        "totalOtherIncomeExpenseNet": 97,
        "year": 2023
      },
      {
        "depreciationAmortization": 2019,
        "dilutedAverageSharesOutstanding": 632.756,
        "dilutedEPS": 3.3093,
        "ebit": 2557,
        "equityEarningsAffiliates": 1498,
        "interestExpense": 1054,
        "interestIncomeExpense": -1034,
        "minorityInterest": -146,
        "netIncome": 2094,
        "netIncomeAfterTaxes": 787,
        "nonRecurringItems": -259,
        "operationsMaintenance": 4746,
        "otherOperatingExpensesTotal": 635,
        "otherRevenue": 1788,
        "period": "2022-12-31",
        "pretaxIncome": 1343,
        "provisionforIncomeTaxes": 556,
        "purchasedFuelPowerGas": 4482,
        "revenue": 14439,
        "totalOperatingExpense": 11882,
        "totalOtherIncomeExpenseNet": 79,
        "year": 2022
      },
      {
        "depreciationAmortization": 1855,
        "dilutedAverageSharesOutstanding": 626.072,
        "dilutedEPS": 2.003,
        "ebit": 2850,
        "equityEarningsAffiliates": 1343,
        "gainLossOnDispositionOfAssets": 36,
        "interestExpense": 1198,
        "interestIncomeExpense": -1125,
        "minorityInterest": -145,
        "netIncome": 1254,
        "netIncomeAfterTaxes": 120,
        "nonRecurringItems": -1596,
        "operationsMaintenance": 4338,
        "otherOperatingExpensesTotal": 596,
        "otherRevenue": 1866,
        "period": "2021-12-31",
        "pretaxIncome": 219,
        "provisionforIncomeTaxes": 99,
        "purchasedFuelPowerGas": 3218,
        "revenue": 12857,
        "totalOperatingExpense": 10007,
        "totalOtherIncomeExpenseNet": 54,
        "year": 2021
      },
      {
        "costOfGoodsSold": 276,
        "depreciationAmortization": 1666,
        "dilutedAverageSharesOutstanding": 292,
        "dilutedEPS": 12.89,
        "ebit": 2833,
        "equityEarningsAffiliates": 1015,
        "gainLossOnDispositionOfAssets": -3,
        "grossIncome": 11094,
        "interestExpense": 1081,
        "interestIncomeExpense": -985,
        "minorityInterest": -172,
        "netIncome": 3764,
        "netIncomeAfterTaxes": 1240,
        "nonRecurringItems": -308,
        "operationsMaintenance": 3940,
        "otherOperatingExpensesTotal": 543,
        "otherRevenue": 11370,
        "period": "2020-12-31",
        "pretaxIncome": 1489,
        "provisionforIncomeTaxes": 249,
        "purchasedFuelPowerGas": 2112,
        "revenue": 11370,
        "totalOperatingExpense": 8261,
        "totalOtherIncomeExpenseNet": -48,
        "year": 2020
      },
      {
        "costOfGoodsSold": 344,
        "depreciationAmortization": 1569,
        "dilutedAverageSharesOutstanding": 282,
        "dilutedEPS": 7.28,
        "ebit": 2752,
        "equityEarningsAffiliates": 580,
        "gainLossOnDispositionOfAssets": 63,
        "grossIncome": 10473,
        "interestExpense": 1077,
        "interestIncomeExpense": -1090,
        "minorityInterest": -164,
        "netIncome": 2055,
        "netIncomeAfterTaxes": 1419,
        "nonRecurringItems": -43,
        "operationsMaintenance": 3466,
        "otherOperatingExpensesTotal": 496,
        "otherRevenue": 10817,
        "period": "2019-12-31",
        "pretaxIncome": 1734,
        "provisionforIncomeTaxes": 315,
        "purchasedFuelPowerGas": 2190,
        "revenue": 10817,
        "totalOperatingExpense": 7721,
        "totalOtherIncomeExpenseNet": 52,
        "year": 2019
      },
      {
        "costOfGoodsSold": 357,
        "depreciationAmortization": 1491,
        "dilutedAverageSharesOutstanding": 270,
        "dilutedEPS": 3.42,
        "ebit": 1756,
        "equityEarningsAffiliates": 175,
        "gainLossOnDispositionOfAssets": 513,
        "grossIncome": 9719,
        "interestExpense": 886,
        "interestIncomeExpense": -488,
        "minorityInterest": -76,
        "netIncome": 924,
        "netIncomeAfterTaxes": 763,
        "nonRecurringItems": -1122,
        "operationsMaintenance": 3150,
        "otherOperatingExpensesTotal": 472,
        "otherRevenue": 10076,
        "period": "2018-12-31",
        "pretaxIncome": 714,
        "provisionforIncomeTaxes": -49,
        "purchasedFuelPowerGas": 2850,
        "revenue": 10076,
        "totalOperatingExpense": 7963,
        "totalOtherIncomeExpenseNet": 55,
        "year": 2018
      },
      {
        "costOfGoodsSold": 291,
        "depreciationAmortization": 1436,
        "dilutedAverageSharesOutstanding": 252,
        "dilutedEPS": 1.01,
        "ebit": 1979,
        "equityEarningsAffiliates": 72,
        "gainLossOnDispositionOfAssets": 2,
        "grossIncome": 9333,
        "interestExpense": 622,
        "interestIncomeExpense": -481,
        "minorityInterest": -94,
        "netIncome": 256,
        "netIncomeAfterTaxes": 929,
        "nonRecurringItems": -423,
        "operationsMaintenance": 2947,
        "otherOperatingExpensesTotal": 436,
        "otherRevenue": 9624,
        "period": "2017-12-31",
        "pretaxIncome": 1248,
        "provisionforIncomeTaxes": 319,
        "purchasedFuelPowerGas": 2535,
        "revenue": 9624,
        "totalOperatingExpense": 7354,
        "totalOtherIncomeExpenseNet": 171,
        "year": 2017
      },
      {
        "costOfGoodsSold": 322,
        "depreciationAmortization": 1312,
        "dilutedAverageSharesOutstanding": 251,
        "dilutedEPS": 5.45,
        "ebit": 1583,
        "equityEarningsAffiliates": 78,
        "grossIncome": 9879,
        "interestExpense": 556,
        "interestIncomeExpense": 164,
        "minorityInterest": -148,
        "netIncome": 1370,
        "netIncomeAfterTaxes": 1441,
        "nonRecurringItems": -19,
        "operationsMaintenance": 2969,
        "otherOperatingExpensesTotal": 426,
        "otherRevenue": 10201,
        "period": "2016-12-31",
        "pretaxIncome": 1830,
        "provisionforIncomeTaxes": 389,
        "purchasedFuelPowerGas": 3589,
        "revenue": 10201,
        "totalOperatingExpense": 8296,
        "totalOtherIncomeExpenseNet": 102,
        "year": 2016
      },
      {
        "costOfGoodsSold": 148,
        "depreciationAmortization": 1250,
        "dilutedAverageSharesOutstanding": 251,
        "dilutedEPS": 5.38,
        "ebit": 1742,
        "equityEarningsAffiliates": 85,
        "gainLossOnDispositionOfAssets": 70,
        "grossIncome": 10041,
        "interestExpense": 567,
        "interestIncomeExpense": -256,
        "minorityInterest": -98,
        "netIncome": 1349,
        "netIncomeAfterTaxes": 1363,
        "nonRecurringItems": 26,
        "operationsMaintenance": 2896,
        "otherOperatingExpensesTotal": 423,
        "otherRevenue": 10189,
        "period": "2015-12-31",
        "pretaxIncome": 1704,
        "provisionforIncomeTaxes": 341,
        "purchasedFuelPowerGas": 3730,
        "revenue": 10189,
        "totalOperatingExpense": 8299,
        "totalOtherIncomeExpenseNet": 122,
        "year": 2015
      }
    ],
    "symbol": "SRE"
  }
}