{
  "symbol": "SRE",
  "statement": "ic",
  "frequency": "quarterly",
  "timestamp": "2025-09-19T14:06:34.803313",
  "data": {
    "financials": [
      {
        "depreciationAmortization": 653,
        "dilutedAverageSharesOutstanding": 653.224,
        "dilutedEPS": 0.7057,
        "ebit": 584,
        "equityEarningsAffiliates": 393,
        "interestExpense": 359,
        "interestIncomeExpense": -321,
        "minorityInterest": -46,
        "netIncome": 461,
        "netIncomeAfterTaxes": 126,
        "operationsMaintenance": 1239,
        "otherOperatingExpensesTotal": 165,
        "otherRevenue": 499,
        "period": "2025-06-30",
        "pretaxIncome": 298,
        "provisionforIncomeTaxes": 172,
        "purchasedFuelPowerGas": 359,
        "revenue": 3000,
        "totalOperatingExpense": 2416,
        "totalOtherIncomeExpenseNet": 35
      },
      {
        "depreciationAmortization": 640,
        "dilutedAverageSharesOutstanding": 653.018,
        "dilutedEPS": 1.3874,
        "ebit": 959,
        "equityEarningsAffiliates": 325,
        "interestExpense": 433,
        "interestIncomeExpense": -393,
        "minorityInterest": -2,
        "netIncome": 906,
        "netIncomeAfterTaxes": 594,
        "operationsMaintenance": 1343,
        "otherOperatingExpensesTotal": 196,
        "otherRevenue": 381,
        "period": "2025-03-31",
        "pretaxIncome": 651,
        "provisionforIncomeTaxes": 57,
        "purchasedFuelPowerGas": 664,
        "revenue": 3802,
        "totalOperatingExpense": 2843,
        "totalOtherIncomeExpenseNet": 85
      },
      {
        "depreciationAmortization": 626,
        "dilutedAverageSharesOutstanding": 642.074,
        "dilutedEPS": 1.0357,
        "ebit": 1046,
        "equityEarningsAffiliates": 374,
        "interestExpense": 105,
        "interestIncomeExpense": -113,
        "minorityInterest": -313,
        "netIncome": 665,
        "netIncomeAfterTaxes": 615,
        "nonRecurringItems": 0,
        "operationsMaintenance": 1465,
        "otherOperatingExpensesTotal": 178,
        "otherRevenue": 388,
        "period": "2024-12-31",
        "pretaxIncome": 897,
        "provisionforIncomeTaxes": 282,
        "purchasedFuelPowerGas": 443,
        "revenue": 3758,
        "totalOperatingExpense": 2712,
        "totalOtherIncomeExpenseNet": -36
      },
      {
        "depreciationAmortization": 614,
        "dilutedAverageSharesOutstanding": 638.061,
        "dilutedEPS": 0.9999,
        "ebit": 446,
        "equityEarningsAffiliates": 454,
        "interestExpense": 328,
        "interestIncomeExpense": -286,
        "minorityInterest": -110,
        "netIncome": 638,
        "netIncomeAfterTaxes": 305,
        "operationsMaintenance": 1326,
        "otherOperatingExpensesTotal": 175,
        "otherRevenue": 512,
        "period": "2024-09-30",
        "pretaxIncome": 200,
        "provisionforIncomeTaxes": -105,
        "purchasedFuelPowerGas": 215,
        "revenue": 2776,
        "totalOperatingExpense": 2330,
        "totalOtherIncomeExpenseNet": 40
      },
      {
        "depreciationAmortization": 603,
        "dilutedAverageSharesOutstanding": 636.279,
        "dilutedEPS": 1.1206,
        "ebit": 572,
        "equityEarningsAffiliates": 433,
        "interestExpense": 311,
        "interestIncomeExpense": -292,
        "minorityInterest": -146,
        "netIncome": 713,
        "netIncomeAfterTaxes": 438,
        "operationsMaintenance": 1333,
        "otherOperatingExpensesTotal": 156,
        "otherRevenue": 373,
        "period": "2024-06-30",
        "pretaxIncome": 308,
        "provisionforIncomeTaxes": -130,
        "purchasedFuelPowerGas": 347,
        "revenue": 3011,
        "totalOperatingExpense": 2439,
        "totalOtherIncomeExpenseNet": 28
      },
      {
        "depreciationAmortization": 594,
        "dilutedAverageSharesOutstanding": 635.354,
        "dilutedEPS": 1.2607,
        "ebit": 898,
        "equityEarningsAffiliates": 348,
        "interestExpense": 305,
        "interestIncomeExpense": -275,
        "minorityInterest": -69,
        "netIncome": 801,
        "netIncomeAfterTaxes": 533,
        "operationsMaintenance": 1212,
        "otherOperatingExpensesTotal": 184,
        "otherRevenue": 475,
        "period": "2024-03-31",
        "pretaxIncome": 705,
        "provisionforIncomeTaxes": 172,
        "purchasedFuelPowerGas": 752,
        "revenue": 3640,
        "totalOperatingExpense": 2742,
        "totalOtherIncomeExpenseNet": 82
      },
      {
        "depreciationAmortization": 576,
        "dilutedAverageSharesOutstanding": 634.239,
        "dilutedEPS": 1.162,
        "ebit": 680,
        "equityEarningsAffiliates": 395,
        "gainLossOnDispositionOfAssets": 1,
        "interestExpense": 314,
        "interestIncomeExpense": -255,
        "minorityInterest": -108,
        "netIncome": 737,
        "netIncomeAfterTaxes": 461,
        "nonRecurringItems": 0,
        "operationsMaintenance": 1501,
        "otherOperatingExpensesTotal": 168,
        "otherRevenue": 553,
        "period": "2023-12-31",
        "pretaxIncome": 452,
        "provisionforIncomeTaxes": -9,
        "purchasedFuelPowerGas": 566,
        "revenue": 3491,
        "totalOperatingExpense": 2811,
        "totalOtherIncomeExpenseNet": 26
      },
      {
        "depreciationAmortization": 563,
        "dilutedAverageSharesOutstanding": 632.324,
        "dilutedEPS": 1.1402,
        "ebit": 613,
        "equityEarningsAffiliates": 479,
        "interestExpense": 312,
        "interestIncomeExpense": -314,
        "minorityInterest": -122,
        "netIncome": 721,
        "netIncomeAfterTaxes": 375,
        "nonRecurringItems": 0,
        "operationsMaintenance": 1383,
        "otherOperatingExpensesTotal": 169,
        "otherRevenue": 596,
        "period": "2023-09-30",
        "pretaxIncome": 323,
        "provisionforIncomeTaxes": -52,
        "purchasedFuelPowerGas": 606,
        "revenue": 3334,
        "totalOperatingExpense": 2721,
        "totalOtherIncomeExpenseNet": 24
      },
      {
        "depreciationAmortization": 549,
        "dilutedAverageSharesOutstanding": 632.12,
        "dilutedEPS": 0.9539,
        "ebit": 792,
        "equityEarningsAffiliates": 388,
        "interestExpense": 317,
        "interestIncomeExpense": -293,
        "minorityInterest": -121,
        "netIncome": 603,
        "netIncomeAfterTaxes": 348,
        "operationsMaintenance": 1366,
        "otherOperatingExpensesTotal": 148,
        "otherRevenue": 621,
        "period": "2023-06-30",
        "pretaxIncome": 523,
        "provisionforIncomeTaxes": 175,
        "purchasedFuelPowerGas": 480,
        "revenue": 3335,
        "totalOperatingExpense": 2543,
        "totalOtherIncomeExpenseNet": 24
      },
      {
        "depreciationAmortization": 539,
        "dilutedAverageSharesOutstanding": 632.248,
        "dilutedEPS": 1.5326,
        "ebit": 1630,
        "equityEarningsAffiliates": 219,
        "interestExpense": 366,
        "interestIncomeExpense": -324,
        "minorityInterest": -192,
        "netIncome": 969,
        "netIncomeAfterTaxes": 953,
        "nonRecurringItems": 0,
        "operationsMaintenance": 1209,
        "otherOperatingExpensesTotal": 192,
        "otherRevenue": 1121,
        "period": "2023-03-31",
        "pretaxIncome": 1329,
        "provisionforIncomeTaxes": 376,
        "purchasedFuelPowerGas": 2990,
        "revenue": 6560,
        "totalOperatingExpense": 4930,
        "totalOtherIncomeExpenseNet": 23
      },
      {
        "depreciationAmortization": 519,
        "dilutedAverageSharesOutstanding": 632.282,
        "dilutedEPS": 0.6927,
        "ebit": 363,
        "equityEarningsAffiliates": 380,
        "interestExpense": 258,
        "interestIncomeExpense": -220,
        "minorityInterest": 41,
        "netIncome": 438,
        "netIncomeAfterTaxes": 28,
        "nonRecurringItems": 0,
        "operationsMaintenance": 1292,
        "otherOperatingExpensesTotal": 161,
        "otherRevenue": 78,
        "period": "2022-12-31",
        "pretaxIncome": 149,
        "provisionforIncomeTaxes": 121,
        "purchasedFuelPowerGas": 1120,
        "revenue": 3455,
        "totalOperatingExpense": 3092,
        "totalOtherIncomeExpenseNet": 6
      },
      {
        "depreciationAmortization": 506,
        "dilutedAverageSharesOutstanding": 316.087,
        "dilutedEPS": 1.5344,
        "ebit": 591,
        "equityEarningsAffiliates": 417,
        "interestExpense": 282,
        "interestIncomeExpense": -276,
        "minorityInterest": -65,
        "netIncome": 485,
        "netIncomeAfterTaxes": 144,
        "nonRecurringItems": -122,
        "operationsMaintenance": 1206,
        "otherOperatingExpensesTotal": 162,
        "otherRevenue": 673,
        "period": "2022-09-30",
        "pretaxIncome": 165,
        "provisionforIncomeTaxes": 21,
        "purchasedFuelPowerGas": 1152,
        "revenue": 3617,
        "totalOperatingExpense": 3026,
        "totalOtherIncomeExpenseNet": -28
      },
      {
        "depreciationAmortization": 501,
        "dilutedAverageSharesOutstanding": 315.867,
        "dilutedEPS": 1.7697,
        "ebit": 666,
        "equityEarningsAffiliates": 375,
        "interestExpense": 271,
        "interestIncomeExpense": -294,
        "minorityInterest": -88,
        "netIncome": 559,
        "netIncomeAfterTaxes": 284,
        "nonRecurringItems": -45,
        "operationsMaintenance": 1162,
        "otherOperatingExpensesTotal": 150,
        "otherRevenue": 654,
        "period": "2022-06-30",
        "pretaxIncome": 364,
        "provisionforIncomeTaxes": 80,
        "purchasedFuelPowerGas": 1068,
        "revenue": 3547,
        "totalOperatingExpense": 2881,
        "totalOtherIncomeExpenseNet": 37
      },
      {
        "depreciationAmortization": 493,
        "dilutedAverageSharesOutstanding": 317.434,
        "dilutedEPS": 1.928,
        "ebit": 937,
        "equityEarningsAffiliates": 326,
        "interestExpense": 243,
        "interestIncomeExpense": -244,
        "minorityInterest": -34,
        "netIncome": 612,
        "netIncomeAfterTaxes": 331,
        "nonRecurringItems": -92,
        "operationsMaintenance": 1086,
        "otherOperatingExpensesTotal": 162,
        "otherRevenue": 383,
        "period": "2022-03-31",
        "pretaxIncome": 665,
        "provisionforIncomeTaxes": 334,
        "purchasedFuelPowerGas": 1142,
        "revenue": 3820,
        "totalOperatingExpense": 2883,
        "totalOtherIncomeExpenseNet": 64
      },
      {
        "depreciationAmortization": 479,
        "dilutedAverageSharesOutstanding": 319.51,
        "dilutedEPS": 1.8904,
        "ebit": 921,
        "equityEarningsAffiliates": 321,
        "gainLossOnDispositionOfAssets": 36,
        "interestExpense": 422,
        "interestIncomeExpense": -391,
        "minorityInterest": -97,
        "netIncome": 604,
        "netIncomeAfterTaxes": 391,
        "nonRecurringItems": -25,
        "operationsMaintenance": 1240,
        "otherOperatingExpensesTotal": 154,
        "otherRevenue": -7147,
        "period": "2021-12-31",
        "pretaxIncome": 535,
        "provisionforIncomeTaxes": 144,
        "purchasedFuelPowerGas": 1050,
        "revenue": 3844,
        "totalOperatingExpense": 2923,
        "totalOtherIncomeExpenseNet": -6
      },
      {
        "depreciationAmortization": 471,
        "dilutedAverageSharesOutstanding": 319.144,
        "dilutedEPS": -2.0304,
        "ebit": 504,
        "equityEarningsAffiliates": 391,
        "interestExpense": 259,
        "interestIncomeExpense": -263,
        "minorityInterest": -5,
        "netIncome": -648,
        "netIncomeAfterTaxes": -1023,
        "nonRecurringItems": -1571,
        "operationsMaintenance": 1073,
        "otherOperatingExpensesTotal": 151,
        "otherRevenue": 3013,
        "period": "2021-09-30",
        "pretaxIncome": -1365,
        "provisionforIncomeTaxes": -342,
        "purchasedFuelPowerGas": 814,
        "revenue": 3013,
        "totalOperatingExpense": 2509,
        "totalOtherIncomeExpenseNet": -35
      },
      {
        "depreciationAmortization": 463,
        "dilutedAverageSharesOutstanding": 308.607,
        "dilutedEPS": 1.3739,
        "ebit": 452,
        "equityEarningsAffiliates": 313,
        "interestExpense": 258,
        "interestIncomeExpense": -191,
        "minorityInterest": -10,
        "netIncome": 424,
        "netIncomeAfterTaxes": 142,
        "nonRecurringItems": 0,
        "operationsMaintenance": 1024,
        "otherOperatingExpensesTotal": 138,
        "otherRevenue": 2741,
        "period": "2021-06-30",
        "pretaxIncome": 281,
        "provisionforIncomeTaxes": 139,
        "purchasedFuelPowerGas": 664,
        "revenue": 2741,
        "totalOperatingExpense": 2289,
        "totalOtherIncomeExpenseNet": 20
      },
      {
        "costOfGoodsSold": 109,
        "depreciationAmortization": 442,
        "dilutedAverageSharesOutstanding": 308.5,
        "dilutedEPS": 2.83,
        "ebit": 973,
        "equityEarningsAffiliates": 318,
        "grossIncome": 3150,
        "interestExpense": 259,
        "interestIncomeExpense": -280,
        "minorityInterest": -33,
        "netIncome": 874,
        "netIncomeAfterTaxes": 610,
        "nonRecurringItems": 0,
        "operationsMaintenance": 1001,
        "otherOperatingExpensesTotal": 153,
        "otherRevenue": 3259,
        "period": "2021-03-31",
        "pretaxIncome": 768,
        "provisionforIncomeTaxes": 158,
        "purchasedFuelPowerGas": 581,
        "revenue": 3259,
        "totalOperatingExpense": 2177,
        "totalOtherIncomeExpenseNet": 75
      },
      {
        "costOfGoodsSold": 76,
        "depreciationAmortization": 424,
        "dilutedAverageSharesOutstanding": 290.2,
        "dilutedEPS": 1.43,
        "ebit": 866,
        "equityEarningsAffiliates": 193,
        "gainLossOnDispositionOfAssets": -3,
        "grossIncome": 3095,
        "interestExpense": 263,
        "interestIncomeExpense": -243,
        "minorityInterest": 29,
        "netIncome": 414,
        "netIncomeAfterTaxes": 239,
        "nonRecurringItems": -307,
        "operationsMaintenance": 1047,
        "otherOperatingExpensesTotal": 146,
        "otherRevenue": 3171,
        "period": "2020-12-31",
        "pretaxIncome": 428,
        "provisionforIncomeTaxes": 189,
        "purchasedFuelPowerGas": 612,
        "revenue": 3171,
        "totalOperatingExpense": 2229,
        "totalOtherIncomeExpenseNet": 115
      },
      {
        "costOfGoodsSold": 90,
        "depreciationAmortization": 418,
        "dilutedAverageSharesOutstanding": 290.6,
        "dilutedEPS": 1.2,
        "ebit": 410,
        "equityEarningsAffiliates": 326,
        "gainLossOnDispositionOfAssets": 0,
        "grossIncome": 2554,
        "interestExpense": 264,
        "interestIncomeExpense": -237,
        "minorityInterest": -22,
        "netIncome": 351,
        "netIncomeAfterTaxes": 102,
        "nonRecurringItems": -1,
        "operationsMaintenance": 1044,
        "otherOperatingExpensesTotal": 139,
        "otherRevenue": 2644,
        "period": "2020-09-30",
        "pretaxIncome": 201,
        "provisionforIncomeTaxes": 99,
        "purchasedFuelPowerGas": 543,
        "revenue": 2644,
        "totalOperatingExpense": 2144,
        "totalOtherIncomeExpenseNet": 29
      },
      {
        "costOfGoodsSold": 51,
        "depreciationAmortization": 412,
        "dilutedAverageSharesOutstanding": 294.2,
        "dilutedEPS": 7.61,
        "ebit": 652,
        "equityEarningsAffiliates": 233,
        "gainLossOnDispositionOfAssets": 0,
        "grossIncome": 2462,
        "interestExpense": 274,
        "interestIncomeExpense": -253,
        "minorityInterest": -28,
        "netIncome": 2239,
        "netIncomeAfterTaxes": 295,
        "operationsMaintenance": 898,
        "otherOperatingExpensesTotal": 121,
        "otherRevenue": 2513,
        "period": "2020-06-30",
        "pretaxIncome": 463,
        "provisionforIncomeTaxes": 168,
        "purchasedFuelPowerGas": 379,
        "revenue": 2513,
        "totalOperatingExpense": 1810,
        "totalOtherIncomeExpenseNet": 64
      },
      {
        "costOfGoodsSold": 59,
        "depreciationAmortization": 412,
        "dilutedAverageSharesOutstanding": 313.9,
        "dilutedEPS": 2.42,
        "ebit": 865,
        "equityEarningsAffiliates": 263,
        "grossIncome": 2919,
        "interestExpense": 280,
        "interestIncomeExpense": -328,
        "minorityInterest": -151,
        "netIncome": 760,
        "netIncomeAfterTaxes": 604,
        "operationsMaintenance": 951,
        "otherOperatingExpensesTotal": 137,
        "otherRevenue": 2978,
        "period": "2020-03-31",
        "pretaxIncome": 397,
        "provisionforIncomeTaxes": -207,
        "purchasedFuelPowerGas": 554,
        "revenue": 2978,
        "totalOperatingExpense": 2054,
        "totalOtherIncomeExpenseNet": -140
      },
      {
        "costOfGoodsSold": 79,
        "depreciationAmortization": 395,
        "dilutedAverageSharesOutstanding": 288.7,
        "dilutedEPS": 1.54,
        "ebit": 908,
        "equityEarningsAffiliates": 95,
        "gainLossOnDispositionOfAssets": 0,
        "grossIncome": 2861,
        "interestExpense": 280,
        "interestIncomeExpense": -365,
        "minorityInterest": -18,
        "netIncome": 447,
        "netIncomeAfterTaxes": 334,
        "nonRecurringItems": 0,
        "operationsMaintenance": 951,
        "otherOperatingExpensesTotal": 127,
        "otherRevenue": 2940,
        "period": "2019-12-31",
        "pretaxIncome": 499,
        "provisionforIncomeTaxes": 165,
        "purchasedFuelPowerGas": 480,
        "revenue": 2940,
        "totalOperatingExpense": 1953,
        "totalOtherIncomeExpenseNet": -44
      },
      {
        "costOfGoodsSold": 94,
        "depreciationAmortization": 402,
        "dilutedAverageSharesOutstanding": 295.8,
        "dilutedEPS": 2.74,
        "ebit": 751,
        "equityEarningsAffiliates": 266,
        "gainLossOnDispositionOfAssets": -3,
        "grossIncome": 2672,
        "interestExpense": 279,
        "interestIncomeExpense": -262,
        "minorityInterest": -60,
        "netIncome": 813,
        "netIncomeAfterTaxes": 387,
        "nonRecurringItems": -43,
        "operationsMaintenance": 845,
        "otherOperatingExpensesTotal": 127,
        "otherRevenue": 2766,
        "period": "2019-09-30",
        "pretaxIncome": 448,
        "provisionforIncomeTaxes": 61,
        "purchasedFuelPowerGas": 547,
        "revenue": 2766,
        "totalOperatingExpense": 1921,
        "totalOtherIncomeExpenseNet": 5
      },
      {
        "costOfGoodsSold": 63,
        "depreciationAmortization": 389,
        "dilutedAverageSharesOutstanding": 279.6,
        "dilutedEPS": 1.26,
        "ebit": 439,
        "equityEarningsAffiliates": 118,
        "gainLossOnDispositionOfAssets": 66,
        "grossIncome": 2150,
        "interestExpense": 258,
        "interestIncomeExpense": -238,
        "minorityInterest": -45,
        "netIncome": 354,
        "netIncomeAfterTaxes": 239,
        "nonRecurringItems": 0,
        "operationsMaintenance": 838,
        "otherOperatingExpensesTotal": 112,
        "otherRevenue": 2213,
        "period": "2019-06-30",
        "pretaxIncome": 286,
        "provisionforIncomeTaxes": 47,
        "purchasedFuelPowerGas": 372,
        "revenue": 2213,
        "totalOperatingExpense": 1711,
        "totalOtherIncomeExpenseNet": 19
      },
      {
        "costOfGoodsSold": 108,
        "depreciationAmortization": 383,
        "dilutedAverageSharesOutstanding": 277.2,
        "dilutedEPS": 1.59,
        "ebit": 654,
        "equityEarningsAffiliates": 101,
        "grossIncome": 2790,
        "interestExpense": 260,
        "interestIncomeExpense": -225,
        "minorityInterest": -41,
        "netIncome": 441,
        "netIncomeAfterTaxes": 459,
        "operationsMaintenance": 832,
        "otherOperatingExpensesTotal": 130,
        "otherRevenue": 2898,
        "period": "2019-03-31",
        "pretaxIncome": 501,
        "provisionforIncomeTaxes": 42,
        "purchasedFuelPowerGas": 791,
        "revenue": 2898,
        "totalOperatingExpense": 2136,
        "totalOtherIncomeExpenseNet": 72
      },
      {
        "costOfGoodsSold": 99,
        "depreciationAmortization": 376,
        "dilutedAverageSharesOutstanding": 276.5,
        "dilutedEPS": 3.12,
        "ebit": 370,
        "equityEarningsAffiliates": 126,
        "gainLossOnDispositionOfAssets": 513,
        "grossIncome": 2701,
        "interestExpense": 230,
        "interestIncomeExpense": 66,
        "minorityInterest": -64,
        "netIncome": 864,
        "netIncomeAfterTaxes": 787,
        "nonRecurringItems": 182,
        "operationsMaintenance": 875,
        "otherOperatingExpensesTotal": 120,
        "otherRevenue": 2800,
        "period": "2018-12-31",
        "pretaxIncome": 959,
        "provisionforIncomeTaxes": 172,
        "purchasedFuelPowerGas": 960,
        "revenue": 2800,
        "totalOperatingExpense": 2331,
        "totalOtherIncomeExpenseNet": -172
      },
      {
        "costOfGoodsSold": 119,
        "depreciationAmortization": 366,
        "dilutedAverageSharesOutstanding": 275.9,
        "dilutedEPS": 0.99,
        "ebit": 383,
        "equityEarningsAffiliates": 74,
        "gainLossOnDispositionOfAssets": 0,
        "grossIncome": 2437,
        "interestExpense": 222,
        "interestIncomeExpense": -158,
        "minorityInterest": -24,
        "netIncome": 274,
        "netIncomeAfterTaxes": 206,
        "nonRecurringItems": -4,
        "operationsMaintenance": 792,
        "otherOperatingExpensesTotal": 131,
        "otherRevenue": 2556,
        "period": "2018-09-30",
        "pretaxIncome": 345,
        "provisionforIncomeTaxes": 139,
        "purchasedFuelPowerGas": 765,
        "revenue": 2556,
        "totalOperatingExpense": 2054,
        "totalOtherIncomeExpenseNet": 124
      },
      {
        "depreciationAmortization": 377,
        "dilutedAverageSharesOutstanding": 265.8,
        "dilutedEPS": -2.11,
        "ebit": 377,
        "equityEarningsAffiliates": -4,
        "gainLossOnDispositionOfAssets": 0,
        "interestExpense": 228,
        "interestIncomeExpense": -241,
        "minorityInterest": -5,
        "netIncome": -561,
        "netIncomeAfterTaxes": -581,
        "nonRecurringItems": -1300,
        "operationsMaintenance": 742,
        "otherOperatingExpensesTotal": 104,
        "otherRevenue": 2175,
        "period": "2018-06-30",
        "pretaxIncome": -1183,
        "provisionforIncomeTaxes": -602,
        "purchasedFuelPowerGas": 575,
        "revenue": 2175,
        "totalOperatingExpense": 1798,
        "totalOtherIncomeExpenseNet": -19
      },
      {
        "costOfGoodsSold": 69,
        "depreciationAmortization": 372,
        "dilutedAverageSharesOutstanding": 259.5,
        "dilutedEPS": 1.33,
        "ebit": 630,
        "equityEarningsAffiliates": -21,
        "grossIncome": 2476,
        "interestExpense": 206,
        "interestIncomeExpense": -145,
        "minorityInterest": 17,
        "netIncome": 347,
        "netIncomeAfterTaxes": 351,
        "operationsMaintenance": 741,
        "otherOperatingExpensesTotal": 117,
        "otherRevenue": 2545,
        "period": "2018-03-31",
        "pretaxIncome": 593,
        "provisionforIncomeTaxes": 242,
        "purchasedFuelPowerGas": 616,
        "revenue": 2545,
        "totalOperatingExpense": 1846,
        "totalOtherIncomeExpenseNet": 108
      },
      {
        "costOfGoodsSold": 19,
        "depreciationAmortization": 384,
        "dilutedAverageSharesOutstanding": 251.9,
        "dilutedEPS": -1.98,
        "ebit": 635,
        "equityEarningsAffiliates": 47,
        "grossIncome": 2902,
        "interestExpense": 166,
        "interestIncomeExpense": -137,
        "minorityInterest": -50,
        "netIncome": -501,
        "netIncomeAfterTaxes": 372,
        "nonRecurringItems": 1,
        "operationsMaintenance": 910,
        "otherOperatingExpensesTotal": 111,
        "otherRevenue": 2921,
        "period": "2017-12-31",
        "pretaxIncome": 400,
        "provisionforIncomeTaxes": 28,
        "purchasedFuelPowerGas": 862,
        "revenue": 2921,
        "totalOperatingExpense": 2267,
        "totalOtherIncomeExpenseNet": -99
      },
      {
        "costOfGoodsSold": 21,
        "depreciationAmortization": 378,
        "dilutedAverageSharesOutstanding": 253.4,
        "dilutedEPS": 0.22,
        "ebit": 404,
        "equityEarningsAffiliates": 3,
        "grossIncome": 2655,
        "interestExpense": 165,
        "interestIncomeExpense": -84,
        "minorityInterest": -45,
        "netIncome": 57,
        "netIncomeAfterTaxes": 99,
        "nonRecurringItems": -350,
        "operationsMaintenance": 762,
        "otherOperatingExpensesTotal": 114,
        "otherRevenue": 2676,
        "period": "2017-09-30",
        "pretaxIncome": 15,
        "provisionforIncomeTaxes": -84,
        "purchasedFuelPowerGas": 997,
        "revenue": 2676,
        "totalOperatingExpense": 2251,
        "totalOtherIncomeExpenseNet": 45
      },
      {
        "costOfGoodsSold": -38,
        "depreciationAmortization": 368,
        "dilutedAverageSharesOutstanding": 252.8,
        "dilutedEPS": 1.02,
        "ebit": 489,
        "equityEarningsAffiliates": 18,
        "grossIncome": 2555,
        "interestExpense": 159,
        "interestIncomeExpense": -97,
        "minorityInterest": 12,
        "netIncome": 259,
        "netIncomeAfterTaxes": 230,
        "nonRecurringItems": -71,
        "operationsMaintenance": 748,
        "otherOperatingExpensesTotal": 101,
        "otherRevenue": 2517,
        "period": "2017-06-30",
        "pretaxIncome": 397,
        "provisionforIncomeTaxes": 167,
        "purchasedFuelPowerGas": 849,
        "revenue": 2517,
        "totalOperatingExpense": 2066,
        "totalOtherIncomeExpenseNet": 76
      },
      {
        "costOfGoodsSold": 22,
        "depreciationAmortization": 360,
        "dilutedAverageSharesOutstanding": 252.2,
        "dilutedEPS": 1.75,
        "ebit": 789,
        "equityEarningsAffiliates": -8,
        "grossIncome": 3023,
        "interestExpense": 169,
        "interestIncomeExpense": -203,
        "minorityInterest": -11,
        "netIncome": 441,
        "netIncomeAfterTaxes": 460,
        "operationsMaintenance": 714,
        "otherOperatingExpensesTotal": 110,
        "otherRevenue": 3045,
        "period": "2017-03-31",
        "pretaxIncome": 755,
        "provisionforIncomeTaxes": 295,
        "purchasedFuelPowerGas": 1050,
        "revenue": 3045,
        "totalOperatingExpense": 2234,
        "totalOtherIncomeExpenseNet": 169
      },
      {
        "costOfGoodsSold": 29,
        "depreciationAmortization": 342,
        "dilutedAverageSharesOutstanding": 250.6,
        "dilutedEPS": 1.51,
        "ebit": 490,
        "equityEarningsAffiliates": 9,
        "grossIncome": 2885,
        "interestExpense": 132,
        "interestIncomeExpense": -14,
        "minorityInterest": -30,
        "netIncome": 379,
        "netIncomeAfterTaxes": 400,
        "nonRecurringItems": 4,
        "operationsMaintenance": 860,
        "otherOperatingExpensesTotal": 111,
        "otherRevenue": 2914,
        "period": "2016-12-31",
        "pretaxIncome": 505,
        "provisionforIncomeTaxes": 105,
        "purchasedFuelPowerGas": 1082,
        "revenue": 2914,
        "totalOperatingExpense": 2395,
        "totalOtherIncomeExpenseNet": 25
      },
      {
        "costOfGoodsSold": 32,
        "depreciationAmortization": 328,
        "dilutedAverageSharesOutstanding": 250.4,
        "dilutedEPS": 2.48,
        "ebit": 578,
        "equityEarningsAffiliates": 19,
        "grossIncome": 2506,
        "interestExpense": 136,
        "interestIncomeExpense": 390,
        "minorityInterest": -97,
        "netIncome": 622,
        "netIncomeAfterTaxes": 700,
        "nonRecurringItems": -1,
        "operationsMaintenance": 703,
        "otherOperatingExpensesTotal": 108,
        "otherRevenue": 2538,
        "period": "2016-09-30",
        "pretaxIncome": 982,
        "provisionforIncomeTaxes": 282,
        "purchasedFuelPowerGas": 789,
        "revenue": 2538,
        "totalOperatingExpense": 1928,
        "totalOtherIncomeExpenseNet": 15
      },
      {
        "costOfGoodsSold": 226,
        "depreciationAmortization": 314,
        "dilutedAverageSharesOutstanding": 252,
        "dilutedEPS": 0.06,
        "ebit": 23,
        "equityEarningsAffiliates": 33,
        "grossIncome": 1906,
        "interestExpense": 142,
        "interestIncomeExpense": -137,
        "minorityInterest": -10,
        "netIncome": 16,
        "netIncomeAfterTaxes": -6,
        "nonRecurringItems": -21,
        "operationsMaintenance": 706,
        "otherOperatingExpensesTotal": 96,
        "otherRevenue": 2132,
        "period": "2016-06-30",
        "pretaxIncome": -112,
        "provisionforIncomeTaxes": -106,
        "purchasedFuelPowerGas": 767,
        "revenue": 2132,
        "totalOperatingExpense": 1883,
        "totalOtherIncomeExpenseNet": 23
      },
      {
        "costOfGoodsSold": 35,
        "depreciationAmortization": 328,
        "dilutedAverageSharesOutstanding": 251.5,
        "dilutedEPS": 1.4,
        "ebit": 579,
        "equityEarningsAffiliates": 17,
        "grossIncome": 2588,
        "interestExpense": 145,
        "interestIncomeExpense": -173,
        "minorityInterest": -11,
        "netIncome": 353,
        "netIncomeAfterTaxes": 347,
        "operationsMaintenance": 701,
        "otherOperatingExpensesTotal": 111,
        "otherRevenue": 2623,
        "period": "2016-03-31",
        "pretaxIncome": 455,
        "provisionforIncomeTaxes": 108,
        "purchasedFuelPowerGas": 869,
        "revenue": 2623,
        "totalOperatingExpense": 2009,
        "totalOtherIncomeExpenseNet": 49
      },
      {
        "costOfGoodsSold": 37,
        "depreciationAmortization": 325,
        "dilutedAverageSharesOutstanding": 251.7,
        "dilutedEPS": 1.47,
        "ebit": 261,
        "equityEarningsAffiliates": 21,
        "gainLossOnDispositionOfAssets": 8,
        "grossIncome": 2655,
        "interestExpense": 146,
        "interestIncomeExpense": 124,
        "minorityInterest": -19,
        "netIncome": 369,
        "netIncomeAfterTaxes": 367,
        "nonRecurringItems": 5,
        "operationsMaintenance": 824,
        "otherOperatingExpensesTotal": 109,
        "otherRevenue": 2692,
        "period": "2015-12-31",
        "pretaxIncome": 432,
        "provisionforIncomeTaxes": 65,
        "purchasedFuelPowerGas": 1136,
        "revenue": 2692,
        "totalOperatingExpense": 2394,
        "totalOtherIncomeExpenseNet": 34
      },
      {
        "costOfGoodsSold": 34,
        "depreciationAmortization": 315,
        "dilutedAverageSharesOutstanding": 251,
        "dilutedEPS": 0.99,
        "ebit": 368,
        "equityEarningsAffiliates": 27,
        "gainLossOnDispositionOfAssets": 0,
        "grossIncome": 2426,
        "interestExpense": 144,
        "interestIncomeExpense": -110,
        "minorityInterest": -34,
        "netIncome": 248,
        "netIncomeAfterTaxes": 255,
        "nonRecurringItems": 0,
        "operationsMaintenance": 701,
        "otherOperatingExpensesTotal": 111,
        "otherRevenue": 2460,
        "period": "2015-09-30",
        "pretaxIncome": 270,
        "provisionforIncomeTaxes": 15,
        "purchasedFuelPowerGas": 931,
        "revenue": 2460,
        "totalOperatingExpense": 2058,
        "totalOtherIncomeExpenseNet": 12
      }
    ],
    "symbol": "SRE"
  }
}