{
  "symbol": "DD",
  "statement": "ic",
  "frequency": "quarterly",
  "timestamp": "2025-09-19T13:59:29.361665",
  "data": {
    "financials": [
      {
        "costOfGoodsSold": 2040,
        "depreciationAmortization": 140,
        "dilutedAverageSharesOutstanding": 419.7,
        "dilutedEPS": 0.14,
        "ebit": 541,
        "grossIncome": 1217,
        "interestExpense": 84,
        "interestIncomeExpense": -79,
        "minorityInterest": -11,
        "netIncome": 59,
        "netIncomeAfterTaxes": 238,
        "nonRecurringItems": -157,
        "otherOperatingExpensesTotal": -11,
        "period": "2025-06-30",
        "pretaxIncome": 306,
        "provisionforIncomeTaxes": 68,
        "researchDevelopment": 142,
        "revenue": 3257,
        "sgaExpense": 405,
        "totalOperatingExpense": 676,
        "totalOtherIncomeExpenseNet": 1
      },
      {
        "costOfGoodsSold": 1895,
        "depreciationAmortization": 146,
        "dilutedAverageSharesOutstanding": 418.5,
        "dilutedEPS": -1.4,
        "ebit": 521,
        "grossIncome": 1171,
        "interestExpense": 83,
        "interestIncomeExpense": 12,
        "minorityInterest": -7,
        "netIncome": -589,
        "netIncomeAfterTaxes": -548,
        "nonRecurringItems": -965,
        "otherOperatingExpensesTotal": -2,
        "period": "2025-03-31",
        "pretaxIncome": -429,
        "provisionforIncomeTaxes": 119,
        "researchDevelopment": 137,
        "revenue": 3066,
        "sgaExpense": 369,
        "totalOperatingExpense": 650,
        "totalOtherIncomeExpenseNet": 3
      },
      {
        "costOfGoodsSold": 1968,
        "depreciationAmortization": 146,
        "dilutedAverageSharesOutstanding": 418.3,
        "dilutedEPS": -0.28,
        "ebit": 482,
        "grossIncome": 1124,
        "interestExpense": 84,
        "interestIncomeExpense": -323,
        "minorityInterest": -12,
        "netIncome": -118,
        "netIncomeAfterTaxes": -61,
        "nonRecurringItems": -120,
        "otherOperatingExpensesTotal": -5,
        "period": "2024-12-31",
        "pretaxIncome": 43,
        "provisionforIncomeTaxes": 104,
        "researchDevelopment": 138,
        "revenue": 3092,
        "sgaExpense": 363,
        "totalOperatingExpense": 642,
        "totalOtherIncomeExpenseNet": 4
      },
      {
        "costOfGoodsSold": 1996,
        "depreciationAmortization": 149,
        "dilutedAverageSharesOutstanding": 419.5,
        "dilutedEPS": 1.08,
        "ebit": 532,
        "grossIncome": 1196,
        "interestExpense": 87,
        "interestIncomeExpense": 113,
        "minorityInterest": -8,
        "netIncome": 454,
        "netIncomeAfterTaxes": 480,
        "nonRecurringItems": -63,
        "otherOperatingExpensesTotal": -6,
        "period": "2024-09-30",
        "pretaxIncome": 586,
        "provisionforIncomeTaxes": 106,
        "researchDevelopment": 134,
        "revenue": 3192,
        "sgaExpense": 387,
        "totalOperatingExpense": 664,
        "totalOtherIncomeExpenseNet": 4
      },
      {
        "costOfGoodsSold": 1997,
        "depreciationAmortization": 151,
        "dilutedAverageSharesOutstanding": 419.3,
        "dilutedEPS": 0.42,
        "ebit": 477,
        "grossIncome": 1174,
        "interestExpense": 99,
        "interestIncomeExpense": -98,
        "minorityInterest": -7,
        "netIncome": 178,
        "netIncomeAfterTaxes": 176,
        "nonRecurringItems": -86,
        "otherOperatingExpensesTotal": -6,
        "period": "2024-06-30",
        "pretaxIncome": 296,
        "provisionforIncomeTaxes": 120,
        "researchDevelopment": 134,
        "revenue": 3171,
        "sgaExpense": 418,
        "totalOperatingExpense": 697,
        "totalOtherIncomeExpenseNet": 3
      },
      {
        "costOfGoodsSold": 1893,
        "depreciationAmortization": 149,
        "dilutedAverageSharesOutstanding": 424.3,
        "dilutedEPS": 0.44,
        "ebit": 385,
        "grossIncome": 1038,
        "interestExpense": 96,
        "interestIncomeExpense": -60,
        "minorityInterest": -8,
        "netIncome": 189,
        "netIncomeAfterTaxes": 183,
        "nonRecurringItems": -65,
        "otherOperatingExpensesTotal": -5,
        "period": "2024-03-31",
        "pretaxIncome": 267,
        "provisionforIncomeTaxes": 84,
        "researchDevelopment": 125,
        "revenue": 2931,
        "sgaExpense": 384,
        "totalOperatingExpense": 653,
        "totalOtherIncomeExpenseNet": 7
      },
      {
        "costOfGoodsSold": 1868,
        "depreciationAmortization": 152,
        "dilutedAverageSharesOutstanding": 430.1,
        "dilutedEPS": -0.05,
        "ebit": 400,
        "grossIncome": 1030,
        "interestExpense": 101,
        "interestIncomeExpense": -109,
        "minorityInterest": -8,
        "netIncome": -22,
        "netIncomeAfterTaxes": -300,
        "nonRecurringItems": -905,
        "otherOperatingExpensesTotal": 0,
        "period": "2023-12-31",
        "pretaxIncome": -616,
        "provisionforIncomeTaxes": -316,
        "researchDevelopment": 128,
        "revenue": 2898,
        "sgaExpense": 350,
        "totalOperatingExpense": 630,
        "totalOtherIncomeExpenseNet": -2
      },
      {
        "costOfGoodsSold": 1954,
        "depreciationAmortization": 155,
        "dilutedAverageSharesOutstanding": 453.4,
        "dilutedEPS": 0.7,
        "ebit": 468,
        "grossIncome": 1104,
        "interestExpense": 102,
        "interestIncomeExpense": -40,
        "minorityInterest": -9,
        "netIncome": 319,
        "netIncomeAfterTaxes": 291,
        "nonRecurringItems": -17,
        "otherOperatingExpensesTotal": -7,
        "period": "2023-09-30",
        "pretaxIncome": 408,
        "provisionforIncomeTaxes": 117,
        "researchDevelopment": 128,
        "revenue": 3058,
        "sgaExpense": 360,
        "totalOperatingExpense": 636,
        "totalOtherIncomeExpenseNet": -3
      },
      {
        "costOfGoodsSold": 2030,
        "depreciationAmortization": 146,
        "dilutedAverageSharesOutstanding": 459.2,
        "dilutedEPS": -0.28,
        "ebit": 439,
        "grossIncome": 1064,
        "interestExpense": 98,
        "interestIncomeExpense": -60,
        "minorityInterest": -14,
        "netIncome": -131,
        "netIncomeAfterTaxes": 269,
        "nonRecurringItems": -21,
        "otherOperatingExpensesTotal": -4,
        "period": "2023-06-30",
        "pretaxIncome": 356,
        "provisionforIncomeTaxes": 87,
        "researchDevelopment": 125,
        "revenue": 3094,
        "sgaExpense": 358,
        "totalOperatingExpense": 625,
        "totalOtherIncomeExpenseNet": -2
      },
      {
        "costOfGoodsSold": 1983,
        "depreciationAmortization": 147,
        "dilutedAverageSharesOutstanding": 460.2,
        "dilutedEPS": 0.55,
        "ebit": 420,
        "grossIncome": 1035,
        "interestExpense": 95,
        "interestIncomeExpense": -54,
        "minorityInterest": -8,
        "netIncome": 257,
        "netIncomeAfterTaxes": 273,
        "nonRecurringItems": -8,
        "otherOperatingExpensesTotal": 1,
        "period": "2023-03-31",
        "pretaxIncome": 356,
        "provisionforIncomeTaxes": 83,
        "researchDevelopment": 127,
        "revenue": 3018,
        "sgaExpense": 340,
        "totalOperatingExpense": 615,
        "totalOtherIncomeExpenseNet": -2
      },
      {
        "costOfGoodsSold": 2048,
        "depreciationAmortization": 143,
        "dilutedAverageSharesOutstanding": 477.2,
        "dilutedEPS": 8.85,
        "ebit": 462,
        "gainLossOnDispositionOfAssets": 0,
        "grossIncome": 1056,
        "interestExpense": 122,
        "interestIncomeExpense": -61,
        "minorityInterest": -12,
        "netIncome": 4226,
        "netIncomeAfterTaxes": 105,
        "nonRecurringItems": -216,
        "otherOperatingExpensesTotal": -9,
        "period": "2022-12-31",
        "pretaxIncome": 193,
        "provisionforIncomeTaxes": 88,
        "researchDevelopment": 123,
        "revenue": 3104,
        "sgaExpense": 337,
        "totalOperatingExpense": 594,
        "totalOtherIncomeExpenseNet": 8
      },
      {
        "costOfGoodsSold": 2095,
        "depreciationAmortization": 146,
        "dilutedAverageSharesOutstanding": 500.4,
        "dilutedEPS": 0.73,
        "ebit": 594,
        "grossIncome": 1222,
        "interestExpense": 128,
        "interestIncomeExpense": -102,
        "minorityInterest": -9,
        "netIncome": 367,
        "netIncomeAfterTaxes": 359,
        "nonRecurringItems": -1,
        "otherOperatingExpensesTotal": -3,
        "period": "2022-09-30",
        "pretaxIncome": 498,
        "provisionforIncomeTaxes": 139,
        "researchDevelopment": 129,
        "revenue": 3317,
        "sgaExpense": 356,
        "totalOperatingExpense": 628,
        "totalOtherIncomeExpenseNet": 7
      },
      {
        "costOfGoodsSold": 2149,
        "depreciationAmortization": 148,
        "dilutedAverageSharesOutstanding": 506.3,
        "dilutedEPS": 1.55,
        "ebit": 506,
        "gainLossOnDispositionOfAssets": 37,
        "grossIncome": 1173,
        "interestExpense": 122,
        "interestIncomeExpense": -91,
        "minorityInterest": -8,
        "netIncome": 787,
        "netIncomeAfterTaxes": 365,
        "nonRecurringItems": 20,
        "otherOperatingExpensesTotal": -7,
        "period": "2022-06-30",
        "pretaxIncome": 478,
        "provisionforIncomeTaxes": 113,
        "researchDevelopment": 141,
        "revenue": 3322,
        "sgaExpense": 385,
        "totalOperatingExpense": 667,
        "totalOtherIncomeExpenseNet": 6
      },
      {
        "costOfGoodsSold": 2110,
        "depreciationAmortization": 153,
        "dilutedAverageSharesOutstanding": 513.8,
        "dilutedEPS": 0.94,
        "ebit": 480,
        "grossIncome": 1164,
        "interestExpense": 120,
        "interestIncomeExpense": -98,
        "minorityInterest": -20,
        "netIncome": 488,
        "netIncomeAfterTaxes": 232,
        "nonRecurringItems": -110,
        "otherOperatingExpensesTotal": -1,
        "period": "2022-03-31",
        "pretaxIncome": 279,
        "provisionforIncomeTaxes": 47,
        "researchDevelopment": 143,
        "revenue": 3274,
        "sgaExpense": 389,
        "totalOperatingExpense": 684,
        "totalOtherIncomeExpenseNet": 7
      },
      {
        "costOfGoodsSold": 2119,
        "depreciationAmortization": 156,
        "dilutedAverageSharesOutstanding": 517.5,
        "dilutedEPS": 0.39,
        "ebit": 424,
        "gainLossOnDispositionOfAssets": 0,
        "grossIncome": 1127,
        "interestExpense": 135,
        "interestIncomeExpense": -131,
        "minorityInterest": -22,
        "netIncome": 204,
        "netIncomeAfterTaxes": 167,
        "nonRecurringItems": -69,
        "otherOperatingExpensesTotal": -2,
        "period": "2021-12-31",
        "pretaxIncome": 232,
        "provisionforIncomeTaxes": 65,
        "researchDevelopment": 148,
        "revenue": 3246,
        "sgaExpense": 401,
        "totalOperatingExpense": 703,
        "totalOtherIncomeExpenseNet": 8
      },
      {
        "costOfGoodsSold": 2032,
        "depreciationAmortization": 158,
        "dilutedAverageSharesOutstanding": 523.1,
        "dilutedEPS": 0.74,
        "ebit": 463,
        "gainLossOnDispositionOfAssets": 4,
        "grossIncome": 1167,
        "interestExpense": 115,
        "interestIncomeExpense": -111,
        "minorityInterest": -13,
        "netIncome": 391,
        "netIncomeAfterTaxes": 259,
        "nonRecurringItems": -26,
        "otherOperatingExpensesTotal": -2,
        "period": "2021-09-30",
        "pretaxIncome": 339,
        "provisionforIncomeTaxes": 80,
        "researchDevelopment": 137,
        "revenue": 3199,
        "sgaExpense": 411,
        "totalOperatingExpense": 704,
        "totalOtherIncomeExpenseNet": 9
      },
      {
        "costOfGoodsSold": 1959,
        "depreciationAmortization": 127,
        "dilutedAverageSharesOutstanding": 531.2,
        "dilutedEPS": 0.89,
        "ebit": 483,
        "grossIncome": 1145,
        "interestExpense": 129,
        "interestIncomeExpense": -114,
        "minorityInterest": -9,
        "netIncome": 478,
        "netIncomeAfterTaxes": 395,
        "nonRecurringItems": 112,
        "otherOperatingExpensesTotal": 7,
        "period": "2021-06-30",
        "pretaxIncome": 488,
        "provisionforIncomeTaxes": 93,
        "researchDevelopment": 133,
        "revenue": 3104,
        "sgaExpense": 395,
        "totalOperatingExpense": 662,
        "totalOtherIncomeExpenseNet": 7
      },
      {
        "costOfGoodsSold": 1861,
        "depreciationAmortization": 125,
        "dilutedAverageSharesOutstanding": 606.3,
        "dilutedEPS": 8.89,
        "ebit": 500,
        "gainLossOnDispositionOfAssets": 24,
        "grossIncome": 1156,
        "interestExpense": 146,
        "interestIncomeExpense": -125,
        "minorityInterest": -4,
        "netIncome": 5394,
        "netIncomeAfterTaxes": 386,
        "nonRecurringItems": -20,
        "otherOperatingExpensesTotal": -3,
        "period": "2021-03-31",
        "pretaxIncome": 385,
        "provisionforIncomeTaxes": -1,
        "researchDevelopment": 139,
        "revenue": 3017,
        "sgaExpense": 395,
        "totalOperatingExpense": 656,
        "totalOtherIncomeExpenseNet": 6
      },
      {
        "costOfGoodsSold": 29,
        "depreciationAmortization": 15,
        "dilutedAverageSharesOutstanding": 734.6,
        "dilutedEPS": 0.3,
        "ebit": 212,
        "grossIncome": 511,
        "interestExpense": 155,
        "interestIncomeExpense": -174,
        "minorityInterest": -8,
        "netIncome": 222,
        "netIncomeAfterTaxes": 1504,
        "nonRecurringItems": 1343,
        "otherOperatingExpensesTotal": -8,
        "period": "2020-12-31",
        "pretaxIncome": 1370,
        "provisionforIncomeTaxes": -134,
        "researchDevelopment": 99,
        "revenue": 540,
        "sgaExpense": 193,
        "totalOperatingExpense": 299,
        "totalOtherIncomeExpenseNet": -11
      },
      {
        "costOfGoodsSold": 2417,
        "depreciationAmortization": 172,
        "dilutedAverageSharesOutstanding": 734.4,
        "dilutedEPS": -0.1,
        "ebit": 507,
        "grossIncome": 1212,
        "interestExpense": 165,
        "interestIncomeExpense": -138,
        "minorityInterest": -7,
        "netIncome": -79,
        "netIncomeAfterTaxes": 86,
        "nonRecurringItems": -165,
        "otherOperatingExpensesTotal": -10,
        "period": "2020-09-30",
        "pretaxIncome": 208,
        "provisionforIncomeTaxes": 122,
        "researchDevelopment": 140,
        "revenue": 3629,
        "sgaExpense": 403,
        "totalOperatingExpense": 705,
        "totalOtherIncomeExpenseNet": 4
      },
      {
        "costOfGoodsSold": 2298,
        "depreciationAmortization": 177,
        "dilutedAverageSharesOutstanding": 734.3,
        "dilutedEPS": -3.37,
        "ebit": 248,
        "grossIncome": 991,
        "interestExpense": 181,
        "interestIncomeExpense": -95,
        "minorityInterest": -7,
        "netIncome": -2478,
        "netIncomeAfterTaxes": -2389,
        "nonRecurringItems": -2542,
        "otherOperatingExpensesTotal": -1,
        "period": "2020-06-30",
        "pretaxIncome": -2381,
        "provisionforIncomeTaxes": 8,
        "researchDevelopment": 153,
        "revenue": 3289,
        "sgaExpense": 414,
        "totalOperatingExpense": 743,
        "totalOtherIncomeExpenseNet": 8
      },
      {
        "costOfGoodsSold": 2319,
        "depreciationAmortization": 178,
        "dilutedAverageSharesOutstanding": 738.6,
        "dilutedEPS": -5.8,
        "ebit": -3147,
        "grossIncome": -2319,
        "interestExpense": 171,
        "interestIncomeExpense": -133,
        "minorityInterest": -6,
        "netIncome": -4286,
        "netIncomeAfterTaxes": -4220,
        "nonRecurringItems": -857,
        "otherOperatingExpensesTotal": -5,
        "period": "2020-03-31",
        "pretaxIncome": -4126,
        "provisionforIncomeTaxes": 94,
        "researchDevelopment": 173,
        "revenue": 0,
        "sgaExpense": 482,
        "totalOperatingExpense": 828,
        "totalOtherIncomeExpenseNet": 11
      },
      {
        "costOfGoodsSold": -622,
        "depreciationAmortization": -54,
        "dilutedAverageSharesOutstanding": 754.902,
        "dilutedEPS": 0.23,
        "ebit": -237,
        "gainLossOnDispositionOfAssets": -35,
        "grossIncome": -250,
        "interestExpense": 174,
        "interestIncomeExpense": -218,
        "minorityInterest": 36,
        "netIncome": 176,
        "netIncomeAfterTaxes": 616,
        "nonRecurringItems": 1015,
        "otherOperatingExpensesTotal": 32,
        "period": "2019-12-31",
        "pretaxIncome": 537,
        "provisionforIncomeTaxes": -79,
        "researchDevelopment": -35,
        "revenue": -872,
        "sgaExpense": 44,
        "totalOperatingExpense": -13,
        "totalOtherIncomeExpenseNet": 12
      },
      {
        "costOfGoodsSold": 3531,
        "depreciationAmortization": 247,
        "dilutedAverageSharesOutstanding": 747.7,
        "dilutedEPS": 0.49,
        "ebit": 794,
        "gainLossOnDispositionOfAssets": 64,
        "grossIncome": 1895,
        "interestExpense": 177,
        "interestIncomeExpense": -156,
        "minorityInterest": -5,
        "netIncome": 372,
        "netIncomeAfterTaxes": 372,
        "nonRecurringItems": -273,
        "otherOperatingExpensesTotal": -16,
        "period": "2019-09-30",
        "pretaxIncome": 450,
        "provisionforIncomeTaxes": 78,
        "researchDevelopment": 225,
        "revenue": 5426,
        "sgaExpense": 645,
        "totalOperatingExpense": 1101,
        "totalOtherIncomeExpenseNet": 21
      },
      {
        "costOfGoodsSold": 3496,
        "depreciationAmortization": 252,
        "dilutedAverageSharesOutstanding": 749,
        "dilutedEPS": -0.76,
        "ebit": 807,
        "gainLossOnDispositionOfAssets": 10,
        "grossIncome": 1972,
        "interestExpense": 165,
        "interestIncomeExpense": -124,
        "minorityInterest": -9,
        "netIncome": -571,
        "netIncomeAfterTaxes": -1103,
        "nonRecurringItems": -1659,
        "otherOperatingExpensesTotal": 39,
        "period": "2019-06-30",
        "pretaxIncome": -948,
        "provisionforIncomeTaxes": 155,
        "researchDevelopment": 232,
        "revenue": 5468,
        "sgaExpense": 642,
        "totalOperatingExpense": 1165,
        "totalOtherIncomeExpenseNet": 18
      },
      {
        "costOfGoodsSold": 3621,
        "depreciationAmortization": 256,
        "dilutedAverageSharesOutstanding": 750,
        "dilutedEPS": 0.69,
        "ebit": 575,
        "gainLossOnDispositionOfAssets": 53,
        "grossIncome": 1793,
        "interestExpense": 151,
        "interestIncomeExpense": -132,
        "minorityInterest": -51,
        "netIncome": 520,
        "netIncomeAfterTaxes": -74,
        "nonRecurringItems": -682,
        "otherOperatingExpensesTotal": -31,
        "period": "2019-03-31",
        "pretaxIncome": -165,
        "provisionforIncomeTaxes": -91,
        "researchDevelopment": 267,
        "revenue": 5414,
        "sgaExpense": 726,
        "totalOperatingExpense": 1218,
        "totalOtherIncomeExpenseNet": 21
      },
      {
        "costOfGoodsSold": 3642,
        "depreciationAmortization": 257,
        "dilutedAverageSharesOutstanding": 779.9,
        "dilutedEPS": 0.61,
        "ebit": 609,
        "gainLossOnDispositionOfAssets": 9,
        "grossIncome": 1815,
        "interestExpense": 55,
        "interestIncomeExpense": 301,
        "minorityInterest": -13,
        "netIncome": 480,
        "netIncomeAfterTaxes": 257,
        "nonRecurringItems": -626,
        "otherOperatingExpensesTotal": -40,
        "period": "2018-12-31",
        "pretaxIncome": 310,
        "provisionforIncomeTaxes": 53,
        "researchDevelopment": 262,
        "revenue": 5457,
        "sgaExpense": 727,
        "totalOperatingExpense": 1206,
        "totalOtherIncomeExpenseNet": 17
      },
      {
        "costOfGoodsSold": 3770,
        "depreciationAmortization": 256,
        "dilutedAverageSharesOutstanding": 770.4,
        "dilutedEPS": 0.64,
        "ebit": 660,
        "gainLossOnDispositionOfAssets": -7,
        "grossIncome": 1913,
        "interestIncomeExpense": 27,
        "minorityInterest": -15,
        "netIncome": 499,
        "netIncomeAfterTaxes": 131,
        "nonRecurringItems": -536,
        "otherOperatingExpensesTotal": 2,
        "period": "2018-09-30",
        "pretaxIncome": 168,
        "provisionforIncomeTaxes": 37,
        "researchDevelopment": 264,
        "revenue": 5683,
        "sgaExpense": 731,
        "totalOperatingExpense": 1253,
        "totalOtherIncomeExpenseNet": 24
      },
      {
        "costOfGoodsSold": 4085,
        "depreciationAmortization": 266,
        "dilutedAverageSharesOutstanding": 774.5,
        "dilutedEPS": 2.27,
        "ebit": 479,
        "gainLossOnDispositionOfAssets": 0,
        "grossIncome": 1772,
        "interestIncomeExpense": 118,
        "minorityInterest": 2,
        "netIncome": 1762,
        "netIncomeAfterTaxes": 31,
        "nonRecurringItems": -495,
        "otherOperatingExpensesTotal": -11,
        "period": "2018-06-30",
        "pretaxIncome": 130,
        "provisionforIncomeTaxes": 99,
        "researchDevelopment": 270,
        "revenue": 5857,
        "sgaExpense": 768,
        "totalOperatingExpense": 1293,
        "totalOtherIncomeExpenseNet": 28
      },
      {
        "costOfGoodsSold": 3805,
        "depreciationAmortization": 265,
        "dilutedAverageSharesOutstanding": 770.3,
        "dilutedEPS": 1.41,
        "ebit": 485,
        "gainLossOnDispositionOfAssets": 6,
        "grossIncome": 1792,
        "interestIncomeExpense": -108,
        "minorityInterest": -13,
        "netIncome": 1087,
        "netIncomeAfterTaxes": -73,
        "nonRecurringItems": -418,
        "otherOperatingExpensesTotal": -34,
        "period": "2018-03-31",
        "pretaxIncome": -8,
        "provisionforIncomeTaxes": 65,
        "researchDevelopment": 274,
        "revenue": 5597,
        "sgaExpense": 802,
        "totalOperatingExpense": 1307,
        "totalOtherIncomeExpenseNet": 27
      },
      {
        "costOfGoodsSold": -23572,
        "depreciationAmortization": -51,
        "dilutedAverageSharesOutstanding": 629.374,
        "dilutedEPS": -2.48,
        "ebit": -5220,
        "gainLossOnDispositionOfAssets": -83,
        "grossIncome": -7174,
        "interestExpense": -728,
        "interestIncomeExpense": 543,
        "minorityInterest": 69,
        "netIncome": -1564,
        "netIncomeAfterTaxes": -3681,
        "nonRecurringItems": -757,
        "otherOperatingExpensesTotal": -364,
        "period": "2017-12-31",
        "pretaxIncome": -5592,
        "provisionforIncomeTaxes": -1911,
        "researchDevelopment": -686,
        "revenue": -30746,
        "sgaExpense": -853,
        "totalOperatingExpense": -1954,
        "totalOtherIncomeExpenseNet": -75
      },
      {
        "costOfGoodsSold": 12170,
        "depreciationAmortization": 244,
        "dilutedAverageSharesOutstanding": 531.767,
        "dilutedEPS": 0.96,
        "ebit": 1440,
        "gainLossOnDispositionOfAssets": 11,
        "grossIncome": 3184,
        "interestExpense": 283,
        "interestIncomeExpense": -20,
        "minorityInterest": -20,
        "netIncome": 511,
        "netIncomeAfterTaxes": 554,
        "nonRecurringItems": -306,
        "otherOperatingExpensesTotal": -12,
        "period": "2017-09-30",
        "pretaxIncome": 1125,
        "provisionforIncomeTaxes": 571,
        "researchDevelopment": 522,
        "revenue": 15354,
        "sgaExpense": 990,
        "totalOperatingExpense": 1744
      },
      {
        "costOfGoodsSold": 10766,
        "depreciationAmortization": 157,
        "dilutedAverageSharesOutstanding": 574,
        "dilutedEPS": 2.29,
        "ebit": 1923,
        "gainLossOnDispositionOfAssets": 103,
        "grossIncome": 3068,
        "interestExpense": 226,
        "interestIncomeExpense": -88,
        "minorityInterest": -38,
        "netIncome": 1315,
        "netIncomeAfterTaxes": 1359,
        "nonRecurringItems": -124,
        "otherOperatingExpensesTotal": -133,
        "period": "2017-06-30",
        "pretaxIncome": 1814,
        "provisionforIncomeTaxes": 455,
        "researchDevelopment": 402,
        "revenue": 13834,
        "sgaExpense": 719,
        "totalOperatingExpense": 1145
      },
      {
        "costOfGoodsSold": 10194,
        "depreciationAmortization": 155,
        "dilutedAverageSharesOutstanding": 407.367,
        "dilutedEPS": 2.17,
        "ebit": 1208,
        "gainLossOnDispositionOfAssets": 34,
        "grossIncome": 3036,
        "interestExpense": 219,
        "interestIncomeExpense": -116,
        "minorityInterest": -27,
        "netIncome": 884,
        "netIncomeAfterTaxes": 915,
        "nonRecurringItems": -108,
        "otherOperatingExpensesTotal": 495,
        "period": "2017-03-31",
        "pretaxIncome": 1128,
        "provisionforIncomeTaxes": 213,
        "researchDevelopment": 419,
        "revenue": 13230,
        "sgaExpense": 759,
        "totalOperatingExpense": 1828,
        "totalOtherIncomeExpenseNet": 110
      },
      {
        "costOfGoodsSold": 10574,
        "depreciationAmortization": 157,
        "dilutedAverageSharesOutstanding": 368.667,
        "dilutedEPS": -0.03,
        "ebit": 1126,
        "gainLossOnDispositionOfAssets": 40,
        "grossIncome": 2446,
        "interestExpense": 229,
        "interestIncomeExpense": 41,
        "minorityInterest": -32,
        "netIncome": -10,
        "netIncomeAfterTaxes": 84,
        "nonRecurringItems": -1405,
        "otherOperatingExpensesTotal": -52,
        "period": "2016-12-31",
        "pretaxIncome": -198,
        "provisionforIncomeTaxes": -282,
        "researchDevelopment": 425,
        "revenue": 13020,
        "sgaExpense": 790,
        "totalOperatingExpense": 1320
      },
      {
        "costOfGoodsSold": 9840,
        "depreciationAmortization": 162,
        "dilutedAverageSharesOutstanding": 375.8,
        "dilutedEPS": 1.9,
        "ebit": 1365,
        "gainLossOnDispositionOfAssets": 45,
        "grossIncome": 2643,
        "interestExpense": 220,
        "interestIncomeExpense": -161,
        "minorityInterest": -14,
        "netIncome": 715,
        "netIncomeAfterTaxes": 818,
        "nonRecurringItems": -160,
        "otherOperatingExpensesTotal": -21,
        "period": "2016-09-30",
        "pretaxIncome": 1089,
        "provisionforIncomeTaxes": 271,
        "researchDevelopment": 399,
        "revenue": 12483,
        "sgaExpense": 738,
        "totalOperatingExpense": 1278
      },
      {
        "costOfGoodsSold": 5049,
        "dilutedAverageSharesOutstanding": 299.2,
        "dilutedEPS": 6.65,
        "ebit": 1133,
        "gainLossOnDispositionOfAssets": 85,
        "grossIncome": -496,
        "interestExpense": 133,
        "interestIncomeExpense": -88,
        "minorityInterest": -11,
        "netIncome": 1991,
        "netIncomeAfterTaxes": 2103,
        "nonRecurringItems": 732,
        "otherOperatingExpensesTotal": -1202,
        "period": "2016-06-30",
        "pretaxIncome": 1862,
        "provisionforIncomeTaxes": -241,
        "revenue": 4553,
        "sgaExpense": -427,
        "totalOperatingExpense": -1629
      },
      {
        "costOfGoodsSold": 12177,
        "depreciationAmortization": 385,
        "dilutedAverageSharesOutstanding": 755.559,
        "dilutedEPS": 1.7,
        "ebit": 1962,
        "grossIncome": 5925,
        "interestExpense": 312,
        "interestIncomeExpense": -227,
        "minorityInterest": -29,
        "netIncome": 1282,
        "netIncomeAfterTaxes": 1399,
        "nonRecurringItems": -75,
        "otherOperatingExpensesTotal": 952,
        "period": "2016-03-31",
        "pretaxIncome": 1660,
        "provisionforIncomeTaxes": 261,
        "researchDevelopment": 771,
        "revenue": 18102,
        "sgaExpense": 1855,
        "totalOperatingExpense": 3963
      }
    ],
    "symbol": "DD"
  }
}