{
  "symbol": "EQR",
  "statement": "ic",
  "frequency": "annual",
  "timestamp": "2025-09-19T13:59:57.087521",
  "data": {
    "financials": [
      {
        "costOfGoodsSold": 1094.565,
        "depreciationAmortization": 952.191,
        "dilutedAverageSharesOutstanding": 390.74,
        "dilutedEPS": 2.64,
        "ebit": 871.699,
        "equityEarningsAffiliates": -8.974,
        "grossIncome": 1885.543,
        "interestExpense": 293.569,
        "interestIncomeExpense": -263.24,
        "minorityInterest": -35.144,
        "netIncome": 1032.774,
        "netIncomeAfterTaxes": 1079.949,
        "nonRecurringItems": 546.797,
        "period": "2024-12-31",
        "pretaxIncome": 1081.205,
        "provisionforIncomeTaxes": 1.256,
        "revenue": 2980.108,
        "sgaExpense": 61.653,
        "totalOperatingExpense": 1013.844,
        "totalOtherIncomeExpenseNet": -74.051,
        "year": 2024
      },
      {
        "costOfGoodsSold": 1046.493,
        "depreciationAmortization": 888.709,
        "dilutedAverageSharesOutstanding": 390.897,
        "dilutedEPS": 2.12,
        "ebit": 878.046,
        "equityEarningsAffiliates": -5.378,
        "gainLossOnDispositionOfAssets": 0,
        "grossIncome": 1827.471,
        "interestExpense": 278.497,
        "interestIncomeExpense": -256.152,
        "minorityInterest": -33.05,
        "netIncome": 832.348,
        "netIncomeAfterTaxes": 873.866,
        "nonRecurringItems": 282.539,
        "period": "2023-12-31",
        "pretaxIncome": 875.014,
        "provisionforIncomeTaxes": 1.148,
        "revenue": 2873.964,
        "sgaExpense": 60.716,
        "totalOperatingExpense": 949.425,
        "totalOtherIncomeExpenseNet": -29.419,
        "year": 2023
      },
      {
        "costOfGoodsSold": 982.581,
        "depreciationAmortization": 882.168,
        "dilutedAverageSharesOutstanding": 389.45,
        "dilutedEPS": 1.98,
        "ebit": 811.721,
        "equityEarningsAffiliates": -5.031,
        "gainLossOnDispositionOfAssets": 0,
        "grossIncome": 1752.599,
        "interestExpense": 291.649,
        "interestIncomeExpense": -289.456,
        "minorityInterest": -30.084,
        "netIncome": 773.821,
        "netIncomeAfterTaxes": 812.026,
        "nonRecurringItems": 304.325,
        "period": "2022-12-31",
        "pretaxIncome": 812.926,
        "provisionforIncomeTaxes": 0.9,
        "revenue": 2735.18,
        "sgaExpense": 58.71,
        "totalOperatingExpense": 940.878,
        "totalOtherIncomeExpenseNet": -13.664,
        "year": 2022
      },
      {
        "costOfGoodsSold": 948.792,
        "depreciationAmortization": 838.272,
        "dilutedAverageSharesOutstanding": 388.089,
        "dilutedEPS": 3.42,
        "ebit": 620.427,
        "equityEarningsAffiliates": -3.398,
        "gainLossOnDispositionOfAssets": 0.005,
        "grossIncome": 1515.205,
        "interestExpense": 281.21,
        "interestIncomeExpense": -255.544,
        "minorityInterest": -63.864,
        "netIncome": 1329.76,
        "netIncomeAfterTaxes": 1400.112,
        "nonRecurringItems": 1055.414,
        "period": "2021-12-31",
        "pretaxIncome": 1401.027,
        "provisionforIncomeTaxes": 0.915,
        "revenue": 2463.997,
        "sgaExpense": 56.506,
        "totalOperatingExpense": 894.778,
        "totalOtherIncomeExpenseNet": -19.275,
        "year": 2021
      },
      {
        "costOfGoodsSold": 916.4,
        "depreciationAmortization": 820.8,
        "dilutedAverageSharesOutstanding": 385.9,
        "dilutedEPS": 2.35,
        "ebit": 786.2,
        "equityEarningsAffiliates": -3.3,
        "gainLossOnDispositionOfAssets": 34.2,
        "grossIncome": 1655.3,
        "interestExpense": 374.012,
        "interestIncomeExpense": -368.1,
        "minorityInterest": -48.9,
        "netIncome": 910.5,
        "netIncomeAfterTaxes": 965.8,
        "nonRecurringItems": 531.8,
        "otherOperatingExpensesTotal": 0,
        "period": "2020-12-31",
        "pretaxIncome": 966.6,
        "provisionforIncomeTaxes": 0.9,
        "revenue": 2571.7,
        "sgaExpense": 48.3,
        "totalOperatingExpense": 869.1,
        "totalOtherIncomeExpenseNet": -17.5,
        "year": 2020
      },
      {
        "costOfGoodsSold": 908.3,
        "depreciationAmortization": 831.1,
        "dilutedAverageSharesOutstanding": 386.3,
        "dilutedEPS": 2.5,
        "ebit": 908.6,
        "equityEarningsAffiliates": 65.9,
        "gainLossOnDispositionOfAssets": 2,
        "grossIncome": 1792.4,
        "interestExpense": 401.746,
        "interestIncomeExpense": -398.5,
        "minorityInterest": -39.3,
        "netIncome": 967.3,
        "netIncomeAfterTaxes": 943.8,
        "nonRecurringItems": 447.6,
        "period": "2019-12-31",
        "pretaxIncome": 941.5,
        "provisionforIncomeTaxes": -2.3,
        "revenue": 2700.7,
        "sgaExpense": 52.8,
        "totalOperatingExpense": 883.8,
        "totalOtherIncomeExpenseNet": -18.2,
        "year": 2019
      },
      {
        "costOfGoodsSold": 879.6,
        "depreciationAmortization": 785.7,
        "dilutedAverageSharesOutstanding": 383.7,
        "dilutedEPS": 1.7,
        "ebit": 858.5,
        "equityEarningsAffiliates": -3.7,
        "gainLossOnDispositionOfAssets": 1,
        "grossIncome": 1698,
        "interestExpense": 424.67,
        "interestIncomeExpense": -408.6,
        "minorityInterest": -27.7,
        "netIncome": 654.4,
        "netIncomeAfterTaxes": 688.9,
        "nonRecurringItems": 256.1,
        "period": "2018-12-31",
        "pretaxIncome": 689.7,
        "provisionforIncomeTaxes": 0.9,
        "revenue": 2577.7,
        "sgaExpense": 53.8,
        "totalOperatingExpense": 839.6,
        "totalOtherIncomeExpenseNet": -17.3,
        "year": 2018
      },
      {
        "costOfGoodsSold": 826.3,
        "depreciationAmortization": 743.7,
        "dilutedAverageSharesOutstanding": 382.7,
        "dilutedEPS": 1.56,
        "ebit": 849.1,
        "equityEarningsAffiliates": -3.4,
        "gainLossOnDispositionOfAssets": 19.2,
        "grossIncome": 1645.1,
        "interestExpense": 392.416,
        "interestIncomeExpense": -386.3,
        "minorityInterest": -24.9,
        "netIncome": 600.4,
        "netIncomeAfterTaxes": 631.8,
        "nonRecurringItems": 155.4,
        "period": "2017-12-31",
        "pretaxIncome": 632.2,
        "provisionforIncomeTaxes": 0.5,
        "revenue": 2471.4,
        "sgaExpense": 52.2,
        "totalOperatingExpense": 796,
        "totalOtherIncomeExpenseNet": -5.2,
        "year": 2017
      },
      {
        "costOfGoodsSold": 806.2,
        "depreciationAmortization": 705.6,
        "dilutedAverageSharesOutstanding": 382,
        "dilutedEPS": 11.22,
        "ebit": 856.1,
        "equityEarningsAffiliates": 4.8,
        "gainLossOnDispositionOfAssets": 4059.8,
        "grossIncome": 1619.6,
        "interestExpense": 494.879,
        "interestIncomeExpense": -429.1,
        "minorityInterest": -187.9,
        "netIncome": 4289.1,
        "netIncomeAfterTaxes": 4474.8,
        "period": "2016-12-31",
        "pretaxIncome": 4476.4,
        "provisionforIncomeTaxes": 1.6,
        "revenue": 2425.8,
        "sgaExpense": 57.8,
        "totalOperatingExpense": 763.5,
        "totalOtherIncomeExpenseNet": -10.4,
        "year": 2016
      },
      {
        "costOfGoodsSold": 905.2,
        "depreciationAmortization": 765.9,
        "dilutedAverageSharesOutstanding": 380.6,
        "dilutedEPS": 2.26,
        "ebit": 1009.2,
        "equityEarningsAffiliates": 15,
        "gainLossOnDispositionOfAssets": 335.1,
        "grossIncome": 1839.8,
        "interestExpense": 455.288,
        "interestIncomeExpense": -447.9,
        "minorityInterest": -37.9,
        "netIncome": 863.3,
        "netIncomeAfterTaxes": 892.6,
        "period": "2015-12-31",
        "pretaxIncome": 893.5,
        "provisionforIncomeTaxes": 0.9,
        "revenue": 2745,
        "sgaExpense": 64.7,
        "totalOperatingExpense": 830.5,
        "totalOtherIncomeExpenseNet": -2.9,
        "year": 2015
      }
    ],
    "symbol": "EQR"
  }
}