{
  "symbol": "EVRG",
  "statement": "ic",
  "frequency": "annual",
  "timestamp": "2025-09-19T14:00:04.881325",
  "data": {
    "financials": [
      {
        "depreciationAmortization": 1114,
        "dilutedAverageSharesOutstanding": 230.6,
        "dilutedEPS": 3.7879,
        "ebit": 1468,
        "equityEarningsAffiliates": 7.8,
        "interestExpense": 563.1,
        "interestIncomeExpense": -558.5,
        "minorityInterest": -12.3,
        "netIncome": 873.5,
        "netIncomeAfterTaxes": 878,
        "operationsMaintenance": 961.9,
        "otherOperatingExpensesTotal": 823.5,
        "otherRevenue": 5847.3,
        "period": "2024-12-31",
        "pretaxIncome": 908,
        "provisionforIncomeTaxes": 30,
        "purchasedFuelPowerGas": 1479.9,
        "revenue": 5847.3,
        "totalOperatingExpense": 4379.3,
        "totalOtherIncomeExpenseNet": -1.5,
        "year": 2024
      },
      {
        "depreciationAmortization": 1076.5,
        "dilutedAverageSharesOutstanding": 230.5,
        "dilutedEPS": 3.1727,
        "ebit": 1282.4,
        "equityEarningsAffiliates": 7.4,
        "interestExpense": 525.8,
        "interestIncomeExpense": -496.1,
        "minorityInterest": -12.3,
        "netIncome": 731.3,
        "netIncomeAfterTaxes": 736.2,
        "nonRecurringItems": 0,
        "operationsMaintenance": 945.3,
        "otherOperatingExpensesTotal": 709.2,
        "otherRevenue": 5508.2,
        "period": "2023-12-31",
        "pretaxIncome": 751.8,
        "provisionforIncomeTaxes": 15.6,
        "purchasedFuelPowerGas": 1494.8,
        "revenue": 5508.2,
        "totalOperatingExpense": 4225.8,
        "totalOtherIncomeExpenseNet": -34.5,
        "year": 2023
      },
      {
        "depreciationAmortization": 929.4,
        "dilutedAverageSharesOutstanding": 230.3,
        "dilutedEPS": 3.2684,
        "ebit": 1306.6,
        "equityEarningsAffiliates": 7.3,
        "interestExpense": 404,
        "interestIncomeExpense": -394.6,
        "minorityInterest": -12.3,
        "netIncome": 752.7,
        "netIncomeAfterTaxes": 757.7,
        "nonRecurringItems": -39.4,
        "operationsMaintenance": 1080.8,
        "otherOperatingExpensesTotal": 721.1,
        "otherRevenue": 5859.1,
        "period": "2022-12-31",
        "pretaxIncome": 805.2,
        "provisionforIncomeTaxes": 47.5,
        "purchasedFuelPowerGas": 1821.2,
        "revenue": 5859.1,
        "totalOperatingExpense": 4552.5,
        "totalOtherIncomeExpenseNet": -67.4,
        "year": 2022
      },
      {
        "depreciationAmortization": 896.4,
        "dilutedAverageSharesOutstanding": 229.6,
        "dilutedEPS": 3.8315,
        "ebit": 1369.7,
        "equityEarningsAffiliates": 8.2,
        "interestExpense": 372.6,
        "interestIncomeExpense": -312.7,
        "minorityInterest": -12.2,
        "netIncome": 879.7,
        "netIncomeAfterTaxes": 883.7,
        "nonRecurringItems": -14.8,
        "operationsMaintenance": 1092.7,
        "otherOperatingExpensesTotal": 670.9,
        "otherRevenue": 5586.7,
        "period": "2021-12-31",
        "pretaxIncome": 1001.1,
        "provisionforIncomeTaxes": 117.4,
        "purchasedFuelPowerGas": 1557,
        "revenue": 5586.7,
        "totalOperatingExpense": 4217,
        "totalOtherIncomeExpenseNet": -41.1,
        "year": 2021
      },
      {
        "depreciationAmortization": 880.1,
        "dilutedAverageSharesOutstanding": 227.5,
        "dilutedEPS": 2.72,
        "ebit": 1210.2,
        "equityEarningsAffiliates": 8.3,
        "interestExpense": 383.9,
        "interestIncomeExpense": -373.1,
        "minorityInterest": -11.7,
        "netIncome": 618.3,
        "netIncomeAfterTaxes": 621.7,
        "nonRecurringItems": -66.3,
        "operationsMaintenance": 1096.7,
        "otherOperatingExpensesTotal": 627.4,
        "otherRevenue": 4913.4,
        "period": "2020-12-31",
        "pretaxIncome": 723.9,
        "provisionforIncomeTaxes": 102.2,
        "purchasedFuelPowerGas": 1099,
        "revenue": 4913.4,
        "totalOperatingExpense": 3703.2,
        "totalOtherIncomeExpenseNet": -46.9,
        "year": 2020
      },
      {
        "depreciationAmortization": 861.7,
        "dilutedAverageSharesOutstanding": 239.9,
        "dilutedEPS": 2.79,
        "ebit": 1217.7,
        "equityEarningsAffiliates": 9.8,
        "interestExpense": 374,
        "interestIncomeExpense": -363,
        "minorityInterest": -15.7,
        "netIncome": 669.9,
        "netIncomeAfterTaxes": 675.8,
        "nonRecurringItems": -31.9,
        "operationsMaintenance": 1186.6,
        "otherOperatingExpensesTotal": 616.8,
        "otherRevenue": 5147.8,
        "period": "2019-12-31",
        "pretaxIncome": 772.8,
        "provisionforIncomeTaxes": 97,
        "purchasedFuelPowerGas": 1265,
        "revenue": 5147.8,
        "totalOperatingExpense": 3930.1,
        "totalOtherIncomeExpenseNet": -50,
        "year": 2019
      },
      {
        "depreciationAmortization": 618.8,
        "dilutedAverageSharesOutstanding": 214.1,
        "dilutedEPS": 2.5,
        "ebit": 933.6,
        "equityEarningsAffiliates": 5.4,
        "interestExpense": 279.6,
        "interestIncomeExpense": -270.8,
        "minorityInterest": -10.2,
        "netIncome": 535.8,
        "netIncomeAfterTaxes": 540.6,
        "operationsMaintenance": 1115.8,
        "otherOperatingExpensesTotal": 529,
        "otherRevenue": 4275.9,
        "period": "2018-12-31",
        "pretaxIncome": 599.6,
        "provisionforIncomeTaxes": 59,
        "purchasedFuelPowerGas": 1078.7,
        "revenue": 4275.9,
        "totalOperatingExpense": 3342.3,
        "totalOtherIncomeExpenseNet": -63.2,
        "year": 2018
      },
      {
        "depreciationAmortization": 371.7,
        "dilutedAverageSharesOutstanding": 142.6,
        "dilutedEPS": 2.27,
        "ebit": 678.8,
        "equityEarningsAffiliates": 6.7,
        "interestExpense": 171,
        "interestIncomeExpense": -167,
        "minorityInterest": -12.6,
        "netIncome": 323.9,
        "netIncomeAfterTaxes": 329.8,
        "operationsMaintenance": 563.5,
        "otherOperatingExpensesTotal": 415.5,
        "otherRevenue": 2571,
        "period": "2017-12-31",
        "pretaxIncome": 481,
        "provisionforIncomeTaxes": 151.2,
        "purchasedFuelPowerGas": 541.5,
        "revenue": 2571,
        "totalOperatingExpense": 1892.2,
        "totalOtherIncomeExpenseNet": -30.8,
        "year": 2017
      },
      {
        "depreciationAmortization": 338.5,
        "dilutedAverageSharesOutstanding": 142.5,
        "dilutedEPS": 2.43,
        "ebit": 681.9,
        "interestExpense": 161.726,
        "interestIncomeExpense": -152.7,
        "minorityInterest": -14.6,
        "netIncome": 345.9,
        "netIncomeAfterTaxes": 361.2,
        "operationsMaintenance": 346.3,
        "otherOperatingExpensesTotal": 424.4,
        "otherRevenue": 2562.1,
        "period": "2016-12-31",
        "pretaxIncome": 545.7,
        "provisionforIncomeTaxes": 184.5,
        "purchasedFuelPowerGas": 509.5,
        "revenue": 2562.1,
        "sgaExpense": 261.5,
        "totalOperatingExpense": 1880.2,
        "totalOtherIncomeExpenseNet": 16.6,
        "year": 2016
      },
      {
        "depreciationAmortization": 310.6,
        "dilutedAverageSharesOutstanding": 139.3,
        "dilutedEPS": 2.09,
        "ebit": 621,
        "interestExpense": 176.802,
        "interestIncomeExpense": -169,
        "minorityInterest": -9.9,
        "netIncome": 291.3,
        "netIncomeAfterTaxes": 301.8,
        "operationsMaintenance": 330.3,
        "otherOperatingExpensesTotal": 385.9,
        "otherRevenue": 2459.2,
        "period": "2015-12-31",
        "pretaxIncome": 453.8,
        "provisionforIncomeTaxes": 152,
        "purchasedFuelPowerGas": 561.1,
        "revenue": 2459.2,
        "sgaExpense": 250.3,
        "totalOperatingExpense": 1838.2,
        "totalOtherIncomeExpenseNet": 1.8,
        "year": 2015
      }
    ],
    "symbol": "EVRG"
  }
}