{
  "symbol": "CMS",
  "statement": "ic",
  "frequency": "annual",
  "timestamp": "2025-09-19T13:58:09.562984",
  "data": {
    "financials": [
      {
        "costOfGoodsSold": 2044,
        "depreciationAmortization": 1240,
        "dilutedAverageSharesOutstanding": 298.3,
        "dilutedEPS": 3.32,
        "ebit": 1487,
        "grossIncome": 5471,
        "interestExpense": 708,
        "interestIncomeExpense": -651,
        "minorityInterest": 56,
        "netIncome": 993,
        "netIncomeAfterTaxes": 904,
        "nonRecurringItems": 110,
        "operationsMaintenance": 1638,
        "otherOperatingExpensesTotal": 482,
        "otherRevenue": 316,
        "period": "2024-12-31",
        "pretaxIncome": 1123,
        "provisionforIncomeTaxes": 219,
        "purchasedFuelPowerGas": 624,
        "revenue": 7515,
        "totalOperatingExpense": 3984,
        "totalOtherIncomeExpenseNet": 177,
        "year": 2024
      },
      {
        "costOfGoodsSold": 2352,
        "depreciationAmortization": 1180,
        "dilutedAverageSharesOutstanding": 291.7,
        "dilutedEPS": 3,
        "ebit": 1235,
        "grossIncome": 5110,
        "interestExpense": 643,
        "interestIncomeExpense": -599,
        "minorityInterest": 79,
        "netIncome": 877,
        "netIncomeAfterTaxes": 767,
        "nonRecurringItems": 131,
        "operationsMaintenance": 1687,
        "otherOperatingExpensesTotal": 447,
        "otherRevenue": 297,
        "period": "2023-12-31",
        "pretaxIncome": 954,
        "provisionforIncomeTaxes": 187,
        "purchasedFuelPowerGas": 561,
        "revenue": 7462,
        "totalOperatingExpense": 3875,
        "totalOtherIncomeExpenseNet": 187,
        "year": 2023
      },
      {
        "costOfGoodsSold": 3260,
        "depreciationAmortization": 1126,
        "dilutedAverageSharesOutstanding": 290,
        "dilutedEPS": 2.85,
        "ebit": 1224,
        "grossIncome": 5336,
        "interestExpense": 519,
        "interestIncomeExpense": -511,
        "minorityInterest": 24,
        "netIncome": 827,
        "netIncomeAfterTaxes": 744,
        "operationsMaintenance": 1669,
        "otherOperatingExpensesTotal": 412,
        "otherRevenue": 445,
        "period": "2022-12-31",
        "pretaxIncome": 902,
        "provisionforIncomeTaxes": 158,
        "purchasedFuelPowerGas": 905,
        "revenue": 8596,
        "totalOperatingExpense": 4112,
        "totalOtherIncomeExpenseNet": 189,
        "year": 2022
      },
      {
        "costOfGoodsSold": 2477,
        "depreciationAmortization": 1114,
        "dilutedAverageSharesOutstanding": 289.5,
        "dilutedEPS": 4.65,
        "ebit": 1146,
        "grossIncome": 4852,
        "interestExpense": 500,
        "interestIncomeExpense": -487,
        "minorityInterest": 23,
        "netIncome": 1348,
        "netIncomeAfterTaxes": 678,
        "operationsMaintenance": 1610,
        "otherOperatingExpensesTotal": 389,
        "otherRevenue": 308,
        "period": "2021-12-31",
        "pretaxIncome": 823,
        "provisionforIncomeTaxes": 145,
        "purchasedFuelPowerGas": 593,
        "revenue": 7329,
        "totalOperatingExpense": 3706,
        "totalOtherIncomeExpenseNet": 164,
        "year": 2021
      },
      {
        "costOfGoodsSold": 2133,
        "depreciationAmortization": 1048,
        "dilutedAverageSharesOutstanding": 286.3,
        "dilutedEPS": 2.63,
        "ebit": 1362,
        "grossIncome": 4547,
        "interestExpense": 505,
        "interestIncomeExpense": -545,
        "minorityInterest": 3,
        "netIncome": 755,
        "netIncomeAfterTaxes": 717,
        "operationsMaintenance": 1403,
        "otherOperatingExpensesTotal": 359,
        "otherRevenue": 491,
        "period": "2020-12-31",
        "pretaxIncome": 885,
        "provisionforIncomeTaxes": 168,
        "purchasedFuelPowerGas": 375,
        "revenue": 6680,
        "totalOperatingExpense": 3185,
        "totalOtherIncomeExpenseNet": 68,
        "year": 2020
      },
      {
        "costOfGoodsSold": 2340,
        "depreciationAmortization": 992,
        "dilutedAverageSharesOutstanding": 284.3,
        "dilutedEPS": 2.39,
        "ebit": 1239,
        "grossIncome": 4505,
        "interestExpense": 460,
        "interestIncomeExpense": -502,
        "minorityInterest": -2,
        "netIncome": 680,
        "netIncomeAfterTaxes": 651,
        "operationsMaintenance": 1448,
        "otherOperatingExpensesTotal": 333,
        "otherRevenue": 469,
        "period": "2019-12-31",
        "pretaxIncome": 829,
        "provisionforIncomeTaxes": 178,
        "purchasedFuelPowerGas": 493,
        "revenue": 6845,
        "totalOperatingExpense": 3266,
        "totalOtherIncomeExpenseNet": 92,
        "year": 2019
      },
      {
        "costOfGoodsSold": 2530,
        "depreciationAmortization": 933,
        "dilutedAverageSharesOutstanding": 282.9,
        "dilutedEPS": 2.32,
        "ebit": 1162,
        "grossIncome": 4343,
        "interestExpense": 458,
        "interestIncomeExpense": -438,
        "minorityInterest": -2,
        "netIncome": 657,
        "netIncomeAfterTaxes": 629,
        "operationsMaintenance": 1417,
        "otherOperatingExpensesTotal": 303,
        "otherRevenue": 409,
        "period": "2018-12-31",
        "pretaxIncome": 774,
        "provisionforIncomeTaxes": 145,
        "purchasedFuelPowerGas": 528,
        "revenue": 6873,
        "totalOperatingExpense": 3181,
        "totalOtherIncomeExpenseNet": 50,
        "year": 2018
      },
      {
        "costOfGoodsSold": 2339,
        "depreciationAmortization": 881,
        "dilutedAverageSharesOutstanding": 280.8,
        "dilutedEPS": 1.63,
        "ebit": 1338,
        "grossIncome": 4244,
        "interestExpense": 438,
        "interestIncomeExpense": -411,
        "minorityInterest": -2,
        "netIncome": 460,
        "netIncomeAfterTaxes": 610,
        "operationsMaintenance": 1236,
        "otherOperatingExpensesTotal": 284,
        "otherRevenue": 361,
        "period": "2017-12-31",
        "pretaxIncome": 886,
        "provisionforIncomeTaxes": 276,
        "purchasedFuelPowerGas": 505,
        "revenue": 6583,
        "totalOperatingExpense": 2906,
        "totalOtherIncomeExpenseNet": -41,
        "year": 2017
      },
      {
        "costOfGoodsSold": 2304,
        "depreciationAmortization": 811,
        "dilutedAverageSharesOutstanding": 278.9,
        "dilutedEPS": 1.98,
        "ebit": 1256,
        "grossIncome": 4095,
        "interestExpense": 435,
        "interestIncomeExpense": -416,
        "minorityInterest": -2,
        "netIncome": 551,
        "netIncomeAfterTaxes": 553,
        "operationsMaintenance": 1248,
        "otherOperatingExpensesTotal": 281,
        "otherRevenue": 335,
        "period": "2016-12-31",
        "pretaxIncome": 826,
        "provisionforIncomeTaxes": 273,
        "purchasedFuelPowerGas": 499,
        "revenue": 6399,
        "totalOperatingExpense": 2839,
        "totalOtherIncomeExpenseNet": -14,
        "year": 2016
      },
      {
        "costOfGoodsSold": 2450,
        "depreciationAmortization": 750,
        "dilutedAverageSharesOutstanding": 276.5,
        "dilutedEPS": 1.89,
        "ebit": 1178,
        "grossIncome": 4006,
        "interestExpense": 396,
        "interestIncomeExpense": -370,
        "minorityInterest": -2,
        "netIncome": 523,
        "netIncomeAfterTaxes": 525,
        "operationsMaintenance": 1223,
        "otherOperatingExpensesTotal": 262,
        "otherRevenue": 291,
        "period": "2015-12-31",
        "pretaxIncome": 796,
        "provisionforIncomeTaxes": 271,
        "purchasedFuelPowerGas": 593,
        "revenue": 6456,
        "totalOperatingExpense": 2828,
        "totalOtherIncomeExpenseNet": -12,
        "year": 2015
      }
    ],
    "symbol": "CMS"
  }
}