{
  "symbol": "JBL",
  "statement": "ic",
  "frequency": "annual",
  "timestamp": "2025-09-19T14:02:25.973717",
  "data": {
    "financials": [
      {
        "costOfGoodsSold": 26207,
        "depreciationAmortization": 40,
        "dilutedAverageSharesOutstanding": 124.3,
        "dilutedEPS": 11.1665,
        "ebit": 1437,
        "grossIncome": 2676,
        "interestExpense": 173,
        "interestIncomeExpense": -173,
        "minorityInterest": 0,
        "netIncome": 1388,
        "netIncomeAfterTaxes": 1388,
        "nonRecurringItems": 576,
        "period": "2024-08-31",
        "pretaxIncome": 1751,
        "provisionforIncomeTaxes": 363,
        "researchDevelopment": 39,
        "revenue": 28883,
        "sgaExpense": 1160,
        "totalOperatingExpense": 1239,
        "totalOtherIncomeExpenseNet": -89,
        "year": 2024
      },
      {
        "costOfGoodsSold": 31835,
        "depreciationAmortization": 33,
        "dilutedAverageSharesOutstanding": 136,
        "dilutedEPS": 6.02,
        "ebit": 1594,
        "grossIncome": 2867,
        "interestExpense": 206,
        "interestIncomeExpense": -206,
        "minorityInterest": 0,
        "netIncome": 818,
        "netIncomeAfterTaxes": 818,
        "nonRecurringItems": -57,
        "period": "2023-08-31",
        "pretaxIncome": 1262,
        "provisionforIncomeTaxes": 444,
        "researchDevelopment": 34,
        "revenue": 34702,
        "sgaExpense": 1206,
        "totalOperatingExpense": 1273,
        "totalOtherIncomeExpenseNet": -69,
        "year": 2023
      },
      {
        "costOfGoodsSold": 30846,
        "depreciationAmortization": 34,
        "dilutedAverageSharesOutstanding": 144,
        "dilutedEPS": 6.9,
        "ebit": 1411,
        "grossIncome": 2632,
        "interestExpense": 151,
        "interestIncomeExpense": -146,
        "minorityInterest": 0,
        "netIncome": 996,
        "netIncomeAfterTaxes": 996,
        "nonRecurringItems": -22,
        "period": "2022-08-31",
        "pretaxIncome": 1231,
        "provisionforIncomeTaxes": 235,
        "researchDevelopment": 33,
        "revenue": 33478,
        "sgaExpense": 1154,
        "totalOperatingExpense": 1221,
        "totalOtherIncomeExpenseNet": -12,
        "year": 2022
      },
      {
        "costOfGoodsSold": 26854,
        "depreciationAmortization": 47,
        "dilutedAverageSharesOutstanding": 152,
        "dilutedEPS": 4.58,
        "ebit": 1137,
        "grossIncome": 2431,
        "interestExpense": 130,
        "interestIncomeExpense": -122,
        "minorityInterest": -2,
        "netIncome": 696,
        "netIncomeAfterTaxes": 698,
        "nonRecurringItems": -82,
        "period": "2021-08-31",
        "pretaxIncome": 944,
        "provisionforIncomeTaxes": 246,
        "researchDevelopment": 34,
        "revenue": 29285,
        "sgaExpense": 1213,
        "totalOperatingExpense": 1294,
        "totalOtherIncomeExpenseNet": 11,
        "year": 2021
      },
      {
        "costOfGoodsSold": 25227,
        "depreciationAmortization": 56,
        "dilutedAverageSharesOutstanding": 155,
        "dilutedEPS": 0.35,
        "ebit": 798,
        "grossIncome": 2040,
        "interestExpense": 173.877,
        "interestIncomeExpense": -159,
        "minorityInterest": -3,
        "netIncome": 54,
        "netIncomeAfterTaxes": 57,
        "nonRecurringItems": -347,
        "period": "2020-08-31",
        "pretaxIncome": 261,
        "provisionforIncomeTaxes": 204,
        "researchDevelopment": 44,
        "revenue": 27266,
        "sgaExpense": 1142,
        "totalOperatingExpense": 1241,
        "totalOtherIncomeExpenseNet": -31,
        "year": 2020
      },
      {
        "costOfGoodsSold": 23369,
        "depreciationAmortization": 32,
        "dilutedAverageSharesOutstanding": 159,
        "dilutedEPS": 1.8,
        "ebit": 728,
        "grossIncome": 1913,
        "interestExpense": 188.73,
        "interestIncomeExpense": -167,
        "minorityInterest": -2,
        "netIncome": 287,
        "netIncomeAfterTaxes": 276,
        "nonRecurringItems": -56,
        "period": "2019-08-31",
        "pretaxIncome": 451,
        "provisionforIncomeTaxes": 175,
        "researchDevelopment": 43,
        "revenue": 25282,
        "sgaExpense": 1111,
        "totalOperatingExpense": 1186,
        "totalOtherIncomeExpenseNet": -54,
        "year": 2019
      },
      {
        "costOfGoodsSold": 20389,
        "depreciationAmortization": 38,
        "dilutedAverageSharesOutstanding": 175,
        "dilutedEPS": 0.49,
        "ebit": 579,
        "grossIncome": 1707,
        "interestExpense": 149.002,
        "interestIncomeExpense": -131,
        "minorityInterest": -1,
        "netIncome": 86,
        "netIncomeAfterTaxes": 230,
        "nonRecurringItems": -37,
        "period": "2018-08-31",
        "pretaxIncome": 373,
        "provisionforIncomeTaxes": 144,
        "researchDevelopment": 39,
        "revenue": 22095,
        "sgaExpense": 1051,
        "totalOperatingExpense": 1127,
        "totalOtherIncomeExpenseNet": -38,
        "year": 2018
      },
      {
        "costOfGoodsSold": 17517,
        "depreciationAmortization": 36,
        "dilutedAverageSharesOutstanding": 186,
        "dilutedEPS": 0.69,
        "ebit": 573,
        "grossIncome": 1546,
        "interestExpense": 138.074,
        "interestIncomeExpense": -126,
        "minorityInterest": 2,
        "netIncome": 129,
        "netIncomeAfterTaxes": 127,
        "nonRecurringItems": -163,
        "period": "2017-08-31",
        "pretaxIncome": 256,
        "provisionforIncomeTaxes": 129,
        "researchDevelopment": 30,
        "revenue": 19063,
        "sgaExpense": 908,
        "totalOperatingExpense": 973,
        "totalOtherIncomeExpenseNet": -28,
        "year": 2017
      },
      {
        "costOfGoodsSold": 16825,
        "depreciationAmortization": 37,
        "dilutedAverageSharesOutstanding": 193,
        "dilutedEPS": 1.32,
        "ebit": 534,
        "grossIncome": 1528,
        "interestExpense": 136.536,
        "interestIncomeExpense": -127,
        "minorityInterest": -1,
        "netIncome": 254,
        "netIncomeAfterTaxes": 255,
        "nonRecurringItems": -11,
        "period": "2016-08-31",
        "pretaxIncome": 387,
        "provisionforIncomeTaxes": 132,
        "researchDevelopment": 32,
        "revenue": 18353,
        "sgaExpense": 924,
        "totalOperatingExpense": 994,
        "totalOtherIncomeExpenseNet": -8,
        "year": 2016
      },
      {
        "costOfGoodsSold": 16396,
        "depreciationAmortization": 24,
        "dilutedAverageSharesOutstanding": 196,
        "dilutedEPS": 1.44,
        "ebit": 588,
        "grossIncome": 1503,
        "interestExpense": 128.091,
        "interestIncomeExpense": -118,
        "minorityInterest": -2,
        "netIncome": 284,
        "netIncomeAfterTaxes": 294,
        "nonRecurringItems": -33,
        "period": "2015-08-31",
        "pretaxIncome": 432,
        "provisionforIncomeTaxes": 137,
        "researchDevelopment": 28,
        "revenue": 17899,
        "sgaExpense": 863,
        "totalOperatingExpense": 915,
        "totalOtherIncomeExpenseNet": -6,
        "year": 2015
      }
    ],
    "symbol": "JBL"
  }
}