{
  "symbol": "BIIB",
  "statement": "ic",
  "frequency": "quarterly",
  "timestamp": "2025-09-19T13:56:48.695263",
  "data": {
    "financials": [
      {
        "costOfGoodsSold": 605,
        "depreciationAmortization": 127.4,
        "dilutedAverageSharesOutstanding": 146.7,
        "dilutedEPS": 4.3272,
        "ebit": 924.9,
        "grossIncome": 2040.5,
        "interestExpense": 72.6,
        "interestIncomeExpense": -120.4,
        "netIncome": 634.8,
        "netIncomeAfterTaxes": 634.8,
        "nonRecurringItems": -57.2,
        "otherOperatingExpensesTotal": 13.2,
        "period": "2025-06-30",
        "pretaxIncome": 744,
        "provisionforIncomeTaxes": 109.2,
        "researchDevelopment": 393.7,
        "revenue": 2645.5,
        "sgaExpense": 581.3,
        "totalOperatingExpense": 1115.6,
        "totalOtherIncomeExpenseNet": -3.3
      },
      {
        "costOfGoodsSold": 629.3,
        "depreciationAmortization": 111.8,
        "dilutedAverageSharesOutstanding": 146.6,
        "dilutedEPS": 1.6405,
        "ebit": 679,
        "grossIncome": 1801.7,
        "interestExpense": 60,
        "interestIncomeExpense": -126,
        "netIncome": 240.5,
        "netIncomeAfterTaxes": 240.5,
        "nonRecurringItems": -241.3,
        "otherOperatingExpensesTotal": 9.6,
        "period": "2025-03-31",
        "pretaxIncome": 311.2,
        "provisionforIncomeTaxes": 70.7,
        "researchDevelopment": 426.7,
        "revenue": 2431,
        "sgaExpense": 574.6,
        "totalOperatingExpense": 1122.7,
        "totalOtherIncomeExpenseNet": -0.5
      },
      {
        "costOfGoodsSold": 583.5,
        "depreciationAmortization": 91,
        "dilutedAverageSharesOutstanding": 145.9,
        "dilutedEPS": 1.828,
        "ebit": 570.8,
        "grossIncome": 1871.2,
        "interestExpense": 60,
        "interestIncomeExpense": -182.1,
        "minorityInterest": 0,
        "netIncome": 266.7,
        "netIncomeAfterTaxes": 266.7,
        "nonRecurringItems": -72.3,
        "otherOperatingExpensesTotal": 3.9,
        "period": "2024-12-31",
        "pretaxIncome": 291.5,
        "provisionforIncomeTaxes": 24.8,
        "researchDevelopment": 528.2,
        "revenue": 2454.7,
        "sgaExpense": 677.3,
        "totalOperatingExpense": 1300.4,
        "totalOtherIncomeExpenseNet": -24.9
      },
      {
        "costOfGoodsSold": 638.7,
        "depreciationAmortization": 130.3,
        "dilutedAverageSharesOutstanding": 146.1,
        "dilutedEPS": 2.6591,
        "ebit": 559,
        "grossIncome": 1827.1,
        "interestExpense": 59.8,
        "interestIncomeExpense": -83.3,
        "minorityInterest": 0,
        "netIncome": 388.5,
        "netIncomeAfterTaxes": 388.5,
        "nonRecurringItems": -23.9,
        "otherOperatingExpensesTotal": 23.8,
        "period": "2024-09-30",
        "pretaxIncome": 451,
        "provisionforIncomeTaxes": 62.5,
        "researchDevelopment": 536.3,
        "revenue": 2465.8,
        "sgaExpense": 577.7,
        "totalOperatingExpense": 1268.1,
        "totalOtherIncomeExpenseNet": -0.8
      },
      {
        "costOfGoodsSold": 546,
        "depreciationAmortization": 86.9,
        "dilutedAverageSharesOutstanding": 145.9,
        "dilutedEPS": 4,
        "ebit": 773.3,
        "grossIncome": 1918.9,
        "interestExpense": 61.3,
        "interestIncomeExpense": -145.6,
        "minorityInterest": 0,
        "netIncome": 583.6,
        "netIncomeAfterTaxes": 583.6,
        "nonRecurringItems": 73,
        "period": "2024-06-30",
        "pretaxIncome": 698.7,
        "provisionforIncomeTaxes": 115.1,
        "researchDevelopment": 508.4,
        "revenue": 2464.9,
        "sgaExpense": 550.3,
        "totalOperatingExpense": 1145.6,
        "totalOtherIncomeExpenseNet": -2
      },
      {
        "costOfGoodsSold": 542.2,
        "depreciationAmortization": 78.3,
        "dilutedAverageSharesOutstanding": 145.9,
        "dilutedEPS": 2.6964,
        "ebit": 646.4,
        "grossIncome": 1748.3,
        "interestExpense": 69.2,
        "interestIncomeExpense": -157.4,
        "minorityInterest": 0,
        "netIncome": 393.4,
        "netIncomeAfterTaxes": 393.4,
        "nonRecurringItems": -22.3,
        "period": "2024-03-31",
        "pretaxIncome": 464.8,
        "provisionforIncomeTaxes": 71.4,
        "researchDevelopment": 445.3,
        "revenue": 2290.5,
        "sgaExpense": 578.3,
        "totalOperatingExpense": 1101.9,
        "totalOtherIncomeExpenseNet": -1.9
      },
      {
        "costOfGoodsSold": 618.3,
        "depreciationAmortization": 76.6,
        "dilutedAverageSharesOutstanding": 145.9,
        "dilutedEPS": 1.7115,
        "ebit": 512,
        "equityEarningsAffiliates": 0,
        "grossIncome": 1768,
        "interestExpense": 71.5,
        "interestIncomeExpense": -123.2,
        "minorityInterest": 0.8,
        "netIncome": 249.7,
        "netIncomeAfterTaxes": 248.9,
        "nonRecurringItems": -98.8,
        "otherOperatingExpensesTotal": 0,
        "period": "2023-12-31",
        "pretaxIncome": 291.6,
        "provisionforIncomeTaxes": 42.7,
        "researchDevelopment": 570.9,
        "revenue": 2386.3,
        "sgaExpense": 608.5,
        "totalOperatingExpense": 1256,
        "totalOtherIncomeExpenseNet": 1.6
      },
      {
        "costOfGoodsSold": 659.6,
        "depreciationAmortization": 60.9,
        "dilutedAverageSharesOutstanding": 144.8,
        "dilutedEPS": -0.47,
        "ebit": 285.3,
        "equityEarningsAffiliates": 0,
        "grossIncome": 1870.7,
        "interestExpense": 63.8,
        "interestIncomeExpense": -347.1,
        "minorityInterest": 0.2,
        "netIncome": -68.1,
        "netIncomeAfterTaxes": -68.3,
        "nonRecurringItems": -76,
        "otherOperatingExpensesTotal": 0,
        "period": "2023-09-30",
        "pretaxIncome": -141.2,
        "provisionforIncomeTaxes": -72.9,
        "researchDevelopment": 736.3,
        "revenue": 2530.3,
        "sgaExpense": 788.2,
        "totalOperatingExpense": 1585.4,
        "totalOtherIncomeExpenseNet": -3.4
      },
      {
        "costOfGoodsSold": 592.7,
        "depreciationAmortization": 52.9,
        "dilutedAverageSharesOutstanding": 145.5,
        "dilutedEPS": 4.07,
        "ebit": 678.2,
        "equityEarningsAffiliates": 0,
        "grossIncome": 1863.3,
        "interestExpense": 49.1,
        "interestIncomeExpense": 66.6,
        "minorityInterest": -1.7,
        "netIncome": 591.6,
        "netIncomeAfterTaxes": 593.3,
        "nonRecurringItems": -34.4,
        "otherOperatingExpensesTotal": 0,
        "period": "2023-06-30",
        "pretaxIncome": 708.1,
        "provisionforIncomeTaxes": 114.8,
        "researchDevelopment": 584.2,
        "revenue": 2456,
        "sgaExpense": 548,
        "totalOperatingExpense": 1185.1,
        "totalOtherIncomeExpenseNet": -2.3
      },
      {
        "costOfGoodsSold": 662.8,
        "depreciationAmortization": 50.2,
        "dilutedAverageSharesOutstanding": 145.2,
        "dilutedEPS": 2.67,
        "ebit": 574.4,
        "equityEarningsAffiliates": 0,
        "grossIncome": 1800.2,
        "interestExpense": 62.5,
        "interestIncomeExpense": -127.1,
        "minorityInterest": 0.3,
        "netIncome": 387.9,
        "netIncomeAfterTaxes": 387.6,
        "nonRecurringItems": -9.6,
        "otherOperatingExpensesTotal": 0,
        "period": "2023-03-31",
        "pretaxIncome": 438.3,
        "provisionforIncomeTaxes": 50.7,
        "researchDevelopment": 570.6,
        "revenue": 2463,
        "sgaExpense": 605,
        "totalOperatingExpense": 1225.8,
        "totalOtherIncomeExpenseNet": 0.6
      },
      {
        "costOfGoodsSold": 570.9,
        "depreciationAmortization": 55.4,
        "dilutedAverageSharesOutstanding": 145.4,
        "dilutedEPS": 3.79,
        "ebit": 878.7,
        "equityEarningsAffiliates": 0,
        "grossIncome": 1973.1,
        "interestExpense": 54.8,
        "interestIncomeExpense": -146.4,
        "minorityInterest": 0.9,
        "netIncome": 550.4,
        "netIncomeAfterTaxes": 549.5,
        "nonRecurringItems": -143.6,
        "otherOperatingExpensesTotal": -195.4,
        "period": "2022-12-31",
        "pretaxIncome": 603.8,
        "provisionforIncomeTaxes": 54.3,
        "researchDevelopment": 601.6,
        "revenue": 2544,
        "sgaExpense": 632.8,
        "totalOperatingExpense": 1094.4,
        "totalOtherIncomeExpenseNet": 15.1
      },
      {
        "costOfGoodsSold": 469.5,
        "depreciationAmortization": 56.5,
        "dilutedAverageSharesOutstanding": 144.8,
        "dilutedEPS": 7.84,
        "ebit": 872.1,
        "equityEarningsAffiliates": 0,
        "grossIncome": 2039,
        "interestExpense": 59.9,
        "interestIncomeExpense": 9,
        "minorityInterest": -0.2,
        "netIncome": 1134.7,
        "netIncomeAfterTaxes": 1134.9,
        "nonRecurringItems": 488.3,
        "otherOperatingExpensesTotal": -2.1,
        "period": "2022-09-30",
        "pretaxIncome": 1371.1,
        "provisionforIncomeTaxes": 236.2,
        "researchDevelopment": 549.2,
        "revenue": 2508.5,
        "sgaExpense": 563.3,
        "totalOperatingExpense": 1166.9,
        "totalOtherIncomeExpenseNet": 1.7
      },
      {
        "costOfGoodsSold": 484,
        "depreciationAmortization": 67.5,
        "dilutedAverageSharesOutstanding": 146.2,
        "dilutedEPS": 7.24,
        "ebit": 940.9,
        "equityEarningsAffiliates": 5.9,
        "grossIncome": 2105.1,
        "interestExpense": 65.8,
        "interestIncomeExpense": -180,
        "minorityInterest": -0.7,
        "netIncome": 1058,
        "netIncomeAfterTaxes": 1052.8,
        "nonRecurringItems": 534.8,
        "otherOperatingExpensesTotal": -4.5,
        "period": "2022-06-30",
        "pretaxIncome": 1269.5,
        "provisionforIncomeTaxes": 216.7,
        "researchDevelopment": 528.6,
        "revenue": 2589.1,
        "sgaExpense": 572.6,
        "totalOperatingExpense": 1164.2,
        "totalOtherIncomeExpenseNet": -26.2
      },
      {
        "costOfGoodsSold": 753.9,
        "depreciationAmortization": 66.9,
        "dilutedAverageSharesOutstanding": 147.6,
        "dilutedEPS": 2.06,
        "ebit": 531.5,
        "equityEarningsAffiliates": -3.3,
        "grossIncome": 1777.9,
        "interestExpense": 66.1,
        "interestIncomeExpense": -145.3,
        "minorityInterest": 85.3,
        "netIncome": 303.8,
        "netIncomeAfterTaxes": 221.8,
        "nonRecurringItems": -38.1,
        "otherOperatingExpensesTotal": -7.1,
        "period": "2022-03-31",
        "pretaxIncome": 347.4,
        "provisionforIncomeTaxes": 125.6,
        "researchDevelopment": 551.7,
        "revenue": 2531.8,
        "sgaExpense": 634.9,
        "totalOperatingExpense": 1246.4,
        "totalOtherIncomeExpenseNet": -0.7
      },
      {
        "costOfGoodsSold": 660.1,
        "depreciationAmortization": 68.1,
        "dilutedAverageSharesOutstanding": 147.5,
        "dilutedEPS": 2.5,
        "ebit": 519.8,
        "equityEarningsAffiliates": 17.7,
        "grossIncome": 2073.7,
        "interestExpense": 66.3,
        "interestIncomeExpense": -113.2,
        "minorityInterest": 388.7,
        "netIncome": 368.2,
        "netIncomeAfterTaxes": -38.2,
        "nonRecurringItems": 0,
        "otherOperatingExpensesTotal": -1.6,
        "period": "2021-12-31",
        "pretaxIncome": 405,
        "provisionforIncomeTaxes": 443.2,
        "researchDevelopment": 699.5,
        "revenue": 2733.8,
        "sgaExpense": 787.9,
        "totalOperatingExpense": 1553.9,
        "totalOtherIncomeExpenseNet": -1.6
      },
      {
        "costOfGoodsSold": 511.8,
        "depreciationAmortization": 67.6,
        "dilutedAverageSharesOutstanding": 148.6,
        "dilutedEPS": 2.22,
        "ebit": 858.6,
        "equityEarningsAffiliates": 1.1,
        "grossIncome": 2267.1,
        "interestExpense": 66.3,
        "interestIncomeExpense": -523.1,
        "minorityInterest": 11.1,
        "netIncome": 329.2,
        "netIncomeAfterTaxes": 317,
        "nonRecurringItems": -43.4,
        "otherOperatingExpensesTotal": -15.6,
        "period": "2021-09-30",
        "pretaxIncome": 291.1,
        "provisionforIncomeTaxes": -25.9,
        "researchDevelopment": 702.4,
        "revenue": 2778.9,
        "sgaExpense": 654.1,
        "totalOperatingExpense": 1408.5,
        "totalOtherIncomeExpenseNet": -1
      },
      {
        "costOfGoodsSold": 459.7,
        "depreciationAmortization": 62.5,
        "dilutedAverageSharesOutstanding": 150.1,
        "dilutedEPS": 2.99,
        "ebit": 1030.1,
        "equityEarningsAffiliates": 34.3,
        "grossIncome": 2315.3,
        "interestExpense": 56.4,
        "interestIncomeExpense": 114.6,
        "minorityInterest": -577,
        "netIncome": 448.5,
        "netIncomeAfterTaxes": 991.2,
        "nonRecurringItems": -559.6,
        "otherOperatingExpensesTotal": 0.3,
        "period": "2021-06-30",
        "pretaxIncome": 582.1,
        "provisionforIncomeTaxes": -409.1,
        "researchDevelopment": 585.1,
        "revenue": 2775,
        "sgaExpense": 637.3,
        "totalOperatingExpense": 1285.2,
        "totalOtherIncomeExpenseNet": -3
      },
      {
        "costOfGoodsSold": 478.1,
        "depreciationAmortization": 53.8,
        "dilutedAverageSharesOutstanding": 152.3,
        "dilutedEPS": 2.69,
        "ebit": 1086.7,
        "equityEarningsAffiliates": -18.2,
        "grossIncome": 2215.9,
        "interestExpense": 64.7,
        "interestIncomeExpense": -575.5,
        "minorityInterest": 5.6,
        "netIncome": 410.2,
        "netIncomeAfterTaxes": 422.8,
        "nonRecurringItems": -44.3,
        "otherOperatingExpensesTotal": -33.8,
        "period": "2021-03-31",
        "pretaxIncome": 467,
        "provisionforIncomeTaxes": 44.2,
        "researchDevelopment": 514.2,
        "revenue": 2694,
        "sgaExpense": 595,
        "totalOperatingExpense": 1129.2,
        "totalOtherIncomeExpenseNet": 0.1
      },
      {
        "costOfGoodsSold": 490.6,
        "depreciationAmortization": 58.8,
        "dilutedAverageSharesOutstanding": 154.1,
        "dilutedEPS": 2.32,
        "ebit": -166.3,
        "equityEarningsAffiliates": 18,
        "grossIncome": 2362,
        "interestExpense": 56,
        "interestIncomeExpense": 614.6,
        "minorityInterest": 0.3,
        "netIncome": 357.9,
        "netIncomeAfterTaxes": 339.6,
        "nonRecurringItems": -97.9,
        "otherOperatingExpensesTotal": -62.8,
        "period": "2020-12-31",
        "pretaxIncome": 352.9,
        "provisionforIncomeTaxes": 13.3,
        "researchDevelopment": 1726.1,
        "revenue": 2852.6,
        "sgaExpense": 806.2,
        "totalOperatingExpense": 2528.3,
        "totalOtherIncomeExpenseNet": 2.5
      },
      {
        "costOfGoodsSold": 449.1,
        "depreciationAmortization": 63.3,
        "dilutedAverageSharesOutstanding": 157.2,
        "dilutedEPS": 4.46,
        "ebit": 1178.7,
        "equityEarningsAffiliates": -13.1,
        "grossIncome": 2927,
        "interestExpense": 56.3,
        "interestIncomeExpense": -202.3,
        "minorityInterest": -2.4,
        "netIncome": 701.5,
        "netIncomeAfterTaxes": 717,
        "nonRecurringItems": -19.3,
        "otherOperatingExpensesTotal": -29,
        "period": "2020-09-30",
        "pretaxIncome": 957.8,
        "provisionforIncomeTaxes": 240.8,
        "researchDevelopment": 1140.9,
        "revenue": 3376.1,
        "sgaExpense": 573.1,
        "totalOperatingExpense": 1748.3,
        "totalOtherIncomeExpenseNet": 0.7
      },
      {
        "costOfGoodsSold": 411.1,
        "depreciationAmortization": 61.5,
        "dilutedAverageSharesOutstanding": 160.9,
        "dilutedEPS": 9.58,
        "ebit": 2010.3,
        "equityEarningsAffiliates": 15.1,
        "grossIncome": 3270.5,
        "interestExpense": 66,
        "interestIncomeExpense": 37,
        "minorityInterest": -64.4,
        "netIncome": 1542.1,
        "netIncomeAfterTaxes": 1591.4,
        "nonRecurringItems": -14,
        "otherOperatingExpensesTotal": 10,
        "period": "2020-06-30",
        "pretaxIncome": 2037.5,
        "provisionforIncomeTaxes": 446.1,
        "researchDevelopment": 647.6,
        "revenue": 3681.6,
        "sgaExpense": 541.1,
        "totalOperatingExpense": 1260.2,
        "totalOtherIncomeExpenseNet": 4.2
      },
      {
        "costOfGoodsSold": 454.3,
        "depreciationAmortization": 71.5,
        "dilutedAverageSharesOutstanding": 173.1,
        "dilutedEPS": 8.08,
        "ebit": 1966.7,
        "equityEarningsAffiliates": -14.8,
        "grossIncome": 3080,
        "interestExpense": 44.3,
        "interestIncomeExpense": -187,
        "minorityInterest": 6.5,
        "netIncome": 1399.1,
        "netIncomeAfterTaxes": 1407.4,
        "nonRecurringItems": -75,
        "otherOperatingExpensesTotal": -4.6,
        "period": "2020-03-31",
        "pretaxIncome": 1699.4,
        "provisionforIncomeTaxes": 292,
        "researchDevelopment": 476.3,
        "revenue": 3534.3,
        "sgaExpense": 570.1,
        "totalOperatingExpense": 1113.3,
        "totalOtherIncomeExpenseNet": -5.3
      },
      {
        "costOfGoodsSold": 447.1,
        "depreciationAmortization": 67.7,
        "dilutedAverageSharesOutstanding": 178.2,
        "dilutedEPS": 8.08,
        "ebit": 1797.3,
        "equityEarningsAffiliates": -12.6,
        "grossIncome": 3224.2,
        "interestExpense": 46,
        "interestIncomeExpense": -72.7,
        "minorityInterest": 0,
        "netIncome": 1439.7,
        "netIncomeAfterTaxes": 1452.3,
        "nonRecurringItems": 40.2,
        "otherOperatingExpensesTotal": 8.9,
        "period": "2019-12-31",
        "pretaxIncome": 1728.4,
        "provisionforIncomeTaxes": 276.1,
        "researchDevelopment": 689.3,
        "revenue": 3671.3,
        "sgaExpense": 661,
        "totalOperatingExpense": 1426.9,
        "totalOtherIncomeExpenseNet": -36.4
      },
      {
        "costOfGoodsSold": 430,
        "depreciationAmortization": 68,
        "dilutedAverageSharesOutstanding": 184.2,
        "dilutedEPS": 8.39,
        "ebit": 2065,
        "equityEarningsAffiliates": -21.8,
        "grossIncome": 3170.1,
        "interestExpense": 45.8,
        "interestIncomeExpense": -81.6,
        "minorityInterest": 0,
        "netIncome": 1545.9,
        "netIncomeAfterTaxes": 1567.7,
        "nonRecurringItems": -198.5,
        "otherOperatingExpensesTotal": -51.6,
        "period": "2019-09-30",
        "pretaxIncome": 1779,
        "provisionforIncomeTaxes": 211.3,
        "researchDevelopment": 538.6,
        "revenue": 3600.1,
        "sgaExpense": 550.1,
        "totalOperatingExpense": 1105.1,
        "totalOtherIncomeExpenseNet": -5.9
      },
      {
        "costOfGoodsSold": 476.3,
        "depreciationAmortization": 70.1,
        "dilutedAverageSharesOutstanding": 190.4,
        "dilutedEPS": 7.85,
        "ebit": 2017.9,
        "equityEarningsAffiliates": -16.3,
        "grossIncome": 3140.4,
        "interestExpense": 47.7,
        "interestIncomeExpense": -251.6,
        "minorityInterest": 0,
        "netIncome": 1494.1,
        "netIncomeAfterTaxes": 1510.4,
        "nonRecurringItems": 1.5,
        "otherOperatingExpensesTotal": -26,
        "period": "2019-06-30",
        "pretaxIncome": 1758.5,
        "provisionforIncomeTaxes": 248.1,
        "researchDevelopment": 481.4,
        "revenue": 3616.7,
        "sgaExpense": 597,
        "totalOperatingExpense": 1122.5,
        "totalOtherIncomeExpenseNet": -9.3
      },
      {
        "costOfGoodsSold": 602,
        "depreciationAmortization": 68.2,
        "dilutedAverageSharesOutstanding": 197,
        "dilutedEPS": 7.15,
        "ebit": 1676.7,
        "equityEarningsAffiliates": -28.7,
        "grossIncome": 2887.8,
        "interestExpense": 47.9,
        "interestIncomeExpense": 301.6,
        "minorityInterest": 0,
        "netIncome": 1408.8,
        "netIncomeAfterTaxes": 1437.5,
        "nonRecurringItems": -115.9,
        "otherOperatingExpensesTotal": 4.4,
        "period": "2019-03-31",
        "pretaxIncome": 1860,
        "provisionforIncomeTaxes": 422.5,
        "researchDevelopment": 563.4,
        "revenue": 3489.8,
        "sgaExpense": 575.1,
        "totalOperatingExpense": 1211.1,
        "totalOtherIncomeExpenseNet": -2.4
      },
      {
        "costOfGoodsSold": 488.5,
        "depreciationAmortization": 77.3,
        "dilutedAverageSharesOutstanding": 200.2,
        "dilutedEPS": 4.72,
        "ebit": 1678.5,
        "equityEarningsAffiliates": 0,
        "grossIncome": 3037.8,
        "interestExpense": 49.4,
        "interestIncomeExpense": -82.7,
        "minorityInterest": 1.9,
        "netIncome": 946.8,
        "netIncomeAfterTaxes": 968.6,
        "nonRecurringItems": -179.6,
        "otherOperatingExpensesTotal": 79.3,
        "period": "2018-12-31",
        "pretaxIncome": 1414.5,
        "provisionforIncomeTaxes": 445.9,
        "researchDevelopment": 611.6,
        "revenue": 3526.3,
        "sgaExpense": 591.1,
        "totalOperatingExpense": 1359.3,
        "totalOtherIncomeExpenseNet": -1.7
      },
      {
        "costOfGoodsSold": 460.8,
        "depreciationAmortization": 92.6,
        "dilutedAverageSharesOutstanding": 201.9,
        "dilutedEPS": 7.15,
        "ebit": 1967.9,
        "equityEarningsAffiliates": 0,
        "grossIncome": 2978.2,
        "interestExpense": 49,
        "interestIncomeExpense": 70.8,
        "minorityInterest": 1.5,
        "netIncome": 1444.4,
        "netIncomeAfterTaxes": 1442.9,
        "nonRecurringItems": -222.8,
        "otherOperatingExpensesTotal": -87.9,
        "period": "2018-09-30",
        "pretaxIncome": 1812.7,
        "provisionforIncomeTaxes": 369.8,
        "researchDevelopment": 507.9,
        "revenue": 3439,
        "sgaExpense": 497.7,
        "totalOperatingExpense": 1010.3,
        "totalOtherIncomeExpenseNet": -3.2
      },
      {
        "costOfGoodsSold": 421,
        "depreciationAmortization": 107.4,
        "dilutedAverageSharesOutstanding": 207.3,
        "dilutedEPS": 4.18,
        "ebit": 1329,
        "equityEarningsAffiliates": 0,
        "grossIncome": 2935.5,
        "interestExpense": 51.7,
        "interestIncomeExpense": -69.9,
        "minorityInterest": -48.4,
        "netIncome": 866.6,
        "netIncomeAfterTaxes": 915,
        "nonRecurringItems": -76.6,
        "otherOperatingExpensesTotal": 1.9,
        "period": "2018-06-30",
        "pretaxIncome": 1178.7,
        "provisionforIncomeTaxes": 263.7,
        "researchDevelopment": 981,
        "revenue": 3356.5,
        "sgaExpense": 516.2,
        "totalOperatingExpense": 1606.5,
        "totalOtherIncomeExpenseNet": -3.8
      },
      {
        "costOfGoodsSold": 446,
        "depreciationAmortization": 103.9,
        "dilutedAverageSharesOutstanding": 211.7,
        "dilutedEPS": 5.54,
        "ebit": 1588.8,
        "equityEarningsAffiliates": 0,
        "grossIncome": 2685.1,
        "interestExpense": 50.5,
        "interestIncomeExpense": -81.7,
        "minorityInterest": 1.7,
        "netIncome": 1172.9,
        "netIncomeAfterTaxes": 1171.2,
        "nonRecurringItems": -11.6,
        "otherOperatingExpensesTotal": -5.6,
        "period": "2018-03-31",
        "pretaxIncome": 1493.7,
        "provisionforIncomeTaxes": 322.5,
        "researchDevelopment": 496.7,
        "revenue": 3131.1,
        "sgaExpense": 501.3,
        "totalOperatingExpense": 1096.3,
        "totalOtherIncomeExpenseNet": -1.8
      },
      {
        "costOfGoodsSold": 509.2,
        "depreciationAmortization": 139.8,
        "dilutedAverageSharesOutstanding": 211.4,
        "dilutedEPS": -1.4,
        "ebit": 1496.5,
        "equityEarningsAffiliates": 0,
        "grossIncome": 2797.8,
        "interestExpense": 62,
        "interestIncomeExpense": -88.8,
        "minorityInterest": -131.1,
        "netIncome": -297.4,
        "netIncomeAfterTaxes": 1007.3,
        "nonRecurringItems": -0.9,
        "otherOperatingExpensesTotal": 1.5,
        "period": "2017-12-31",
        "pretaxIncome": 1399.8,
        "provisionforIncomeTaxes": 392.5,
        "researchDevelopment": 587.6,
        "revenue": 3307,
        "sgaExpense": 572.4,
        "totalOperatingExpense": 1301.3,
        "totalOtherIncomeExpenseNet": -7
      },
      {
        "costOfGoodsSold": 370,
        "depreciationAmortization": 108.9,
        "dilutedAverageSharesOutstanding": 211.8,
        "dilutedEPS": 5.79,
        "ebit": 1688.7,
        "equityEarningsAffiliates": 0,
        "grossIncome": 2707.8,
        "interestExpense": 61.8,
        "interestIncomeExpense": -72.8,
        "minorityInterest": 0,
        "netIncome": 1226.1,
        "netIncomeAfterTaxes": 1226.1,
        "nonRecurringItems": 0,
        "otherOperatingExpensesTotal": 30,
        "period": "2017-09-30",
        "pretaxIncome": 1609.9,
        "provisionforIncomeTaxes": 383.8,
        "researchDevelopment": 446.4,
        "revenue": 3077.8,
        "sgaExpense": 433.8,
        "totalOperatingExpense": 1019.1,
        "totalOtherIncomeExpenseNet": -6
      },
      {
        "costOfGoodsSold": 366.2,
        "depreciationAmortization": 117.5,
        "dilutedAverageSharesOutstanding": 212.2,
        "dilutedEPS": 4.07,
        "ebit": 1347.1,
        "equityEarningsAffiliates": 0,
        "grossIncome": 2712.2,
        "interestExpense": 63.6,
        "interestIncomeExpense": -87,
        "minorityInterest": 0,
        "netIncome": 862.8,
        "netIncomeAfterTaxes": 862.8,
        "nonRecurringItems": -120,
        "otherOperatingExpensesTotal": 21.2,
        "period": "2017-06-30",
        "pretaxIncome": 1132.4,
        "provisionforIncomeTaxes": 269.6,
        "researchDevelopment": 796.2,
        "revenue": 3078.4,
        "sgaExpense": 430.2,
        "totalOperatingExpense": 1365.1,
        "totalOtherIncomeExpenseNet": -7.7
      },
      {
        "costOfGoodsSold": 384.6,
        "depreciationAmortization": 448.5,
        "dilutedAverageSharesOutstanding": 215.9,
        "dilutedEPS": 3.46,
        "ebit": 1045.1,
        "equityEarningsAffiliates": 0,
        "grossIncome": 2426.1,
        "interestExpense": 63.4,
        "interestIncomeExpense": -57.3,
        "minorityInterest": 0.1,
        "netIncome": 747.6,
        "netIncomeAfterTaxes": 747.5,
        "nonRecurringItems": 0,
        "otherOperatingExpensesTotal": 10,
        "period": "2017-03-31",
        "pretaxIncome": 986.7,
        "provisionforIncomeTaxes": 239.2,
        "researchDevelopment": 423.4,
        "revenue": 2810.7,
        "sgaExpense": 499.1,
        "totalOperatingExpense": 1381,
        "totalOtherIncomeExpenseNet": -1.1
      },
      {
        "costOfGoodsSold": 378.5,
        "depreciationAmortization": 92,
        "dilutedAverageSharesOutstanding": 217,
        "dilutedEPS": 2.99,
        "ebit": 1376.1,
        "equityEarningsAffiliates": 0,
        "grossIncome": 2493.5,
        "interestExpense": 64.8,
        "interestIncomeExpense": -56.5,
        "minorityInterest": 1.3,
        "netIncome": 649.2,
        "netIncomeAfterTaxes": 647.9,
        "nonRecurringItems": -478.8,
        "otherOperatingExpensesTotal": -4,
        "period": "2016-12-31",
        "pretaxIncome": 838.2,
        "provisionforIncomeTaxes": 190.3,
        "researchDevelopment": 533.9,
        "revenue": 2872,
        "sgaExpense": 495.5,
        "totalOperatingExpense": 1117.4,
        "totalOtherIncomeExpenseNet": -2.6
      },
      {
        "costOfGoodsSold": 416.9,
        "depreciationAmortization": 99.7,
        "dilutedAverageSharesOutstanding": 219.4,
        "dilutedEPS": 4.71,
        "ebit": 1441.6,
        "equityEarningsAffiliates": 0,
        "grossIncome": 2538.9,
        "interestExpense": 66,
        "interestIncomeExpense": -59,
        "minorityInterest": 2.7,
        "netIncome": 1032.9,
        "netIncomeAfterTaxes": 1030.2,
        "nonRecurringItems": -11.6,
        "otherOperatingExpensesTotal": 5.9,
        "period": "2016-09-30",
        "pretaxIncome": 1367.2,
        "provisionforIncomeTaxes": 337,
        "researchDevelopment": 529,
        "revenue": 2955.8,
        "sgaExpense": 462.7,
        "totalOperatingExpense": 1097.3,
        "totalOtherIncomeExpenseNet": -3.8
      },
      {
        "costOfGoodsSold": 370.3,
        "depreciationAmortization": 92.9,
        "dilutedAverageSharesOutstanding": 219.4,
        "dilutedEPS": 4.78,
        "ebit": 1454.9,
        "equityEarningsAffiliates": 0,
        "grossIncome": 2523.9,
        "interestExpense": 65.9,
        "interestIncomeExpense": -45.3,
        "minorityInterest": 1.4,
        "netIncome": 1049.8,
        "netIncomeAfterTaxes": 1048.4,
        "nonRecurringItems": 0,
        "otherOperatingExpensesTotal": 10.6,
        "period": "2016-06-30",
        "pretaxIncome": 1402,
        "provisionforIncomeTaxes": 353.6,
        "researchDevelopment": 473.1,
        "revenue": 2894.2,
        "sgaExpense": 492.4,
        "totalOperatingExpense": 1069,
        "totalOtherIncomeExpenseNet": -7.6
      },
      {
        "costOfGoodsSold": 313,
        "depreciationAmortization": 88.8,
        "dilutedAverageSharesOutstanding": 219.3,
        "dilutedEPS": 4.43,
        "ebit": 1388.1,
        "equityEarningsAffiliates": 0,
        "grossIncome": 2413.8,
        "interestExpense": 63.3,
        "interestIncomeExpense": -46.8,
        "minorityInterest": 1.7,
        "netIncome": 970.9,
        "netIncomeAfterTaxes": 969.2,
        "nonRecurringItems": -9.7,
        "otherOperatingExpensesTotal": 2.3,
        "period": "2016-03-31",
        "pretaxIncome": 1325.6,
        "provisionforIncomeTaxes": 356.4,
        "researchDevelopment": 437.3,
        "revenue": 2726.8,
        "sgaExpense": 497.3,
        "totalOperatingExpense": 1025.7,
        "totalOtherIncomeExpenseNet": -6
      },
      {
        "costOfGoodsSold": 331.8,
        "depreciationAmortization": 96.6,
        "dilutedAverageSharesOutstanding": 220.8,
        "dilutedEPS": 3.77,
        "ebit": 1261.6,
        "equityEarningsAffiliates": 0,
        "grossIncome": 2507.5,
        "interestExpense": 67.4,
        "interestIncomeExpense": -76.2,
        "minorityInterest": 2.9,
        "netIncome": 831.6,
        "netIncomeAfterTaxes": 828.7,
        "nonRecurringItems": -93.4,
        "otherOperatingExpensesTotal": 24.6,
        "period": "2015-12-31",
        "pretaxIncome": 1085.8,
        "provisionforIncomeTaxes": 257.1,
        "researchDevelopment": 541.7,
        "revenue": 2839.3,
        "sgaExpense": 583,
        "totalOperatingExpense": 1245.9,
        "totalOtherIncomeExpenseNet": -6.2
      },
      {
        "costOfGoodsSold": 310,
        "depreciationAmortization": 98.1,
        "dilutedAverageSharesOutstanding": 232.6,
        "dilutedEPS": 4.15,
        "ebit": 1371.8,
        "equityEarningsAffiliates": -6.8,
        "grossIncome": 2467.8,
        "interestExpense": 15.6,
        "interestIncomeExpense": -11.4,
        "minorityInterest": -53.9,
        "netIncome": 965.6,
        "netIncomeAfterTaxes": 1026.3,
        "nonRecurringItems": 0,
        "otherOperatingExpensesTotal": 0.2,
        "period": "2015-09-30",
        "pretaxIncome": 1356.4,
        "provisionforIncomeTaxes": 330.1,
        "researchDevelopment": 519.9,
        "revenue": 2777.9,
        "sgaExpense": 477.8,
        "totalOperatingExpense": 1096,
        "totalOtherIncomeExpenseNet": -4
      }
    ],
    "symbol": "BIIB"
  }
}