{
  "symbol": "BMY",
  "statement": "ic",
  "frequency": "annual",
  "timestamp": "2025-09-19T13:57:01.510681",
  "data": {
    "financials": [
      {
        "costOfGoodsSold": 11949,
        "depreciationAmortization": 8872,
        "dilutedAverageSharesOutstanding": 2027,
        "dilutedEPS": -4.41,
        "ebit": 11545,
        "grossIncome": 36351,
        "interestExpense": 1947,
        "interestIncomeExpense": -1453,
        "minorityInterest": -15,
        "netIncome": -8948,
        "netIncomeAfterTaxes": -8933,
        "nonRecurringItems": -18306,
        "otherOperatingExpensesTotal": -1840,
        "period": "2024-12-31",
        "pretaxIncome": -8379,
        "provisionforIncomeTaxes": 554,
        "researchDevelopment": 9782,
        "revenue": 48300,
        "sgaExpense": 7992,
        "totalOperatingExpense": 24806,
        "totalOtherIncomeExpenseNet": -165,
        "year": 2024
      },
      {
        "costOfGoodsSold": 10602,
        "depreciationAmortization": 9047,
        "dilutedAverageSharesOutstanding": 2078,
        "dilutedEPS": 3.86,
        "ebit": 10859,
        "grossIncome": 34404,
        "interestExpense": 1166,
        "interestIncomeExpense": -877,
        "minorityInterest": -15,
        "netIncome": 8025,
        "netIncomeAfterTaxes": 8040,
        "nonRecurringItems": -1436,
        "otherOperatingExpensesTotal": -2358,
        "period": "2023-12-31",
        "pretaxIncome": 8440,
        "provisionforIncomeTaxes": 400,
        "researchDevelopment": 9178,
        "revenue": 45006,
        "sgaExpense": 7678,
        "totalOperatingExpense": 23545,
        "totalOtherIncomeExpenseNet": -106,
        "year": 2023
      },
      {
        "costOfGoodsSold": 10074,
        "depreciationAmortization": 9595,
        "dilutedAverageSharesOutstanding": 2146,
        "dilutedEPS": 2.95,
        "ebit": 11391,
        "grossIncome": 36085,
        "interestExpense": 1232,
        "interestIncomeExpense": -1862,
        "minorityInterest": -18,
        "netIncome": 6327,
        "netIncomeAfterTaxes": 6345,
        "nonRecurringItems": -1726,
        "otherOperatingExpensesTotal": -2115,
        "period": "2022-12-31",
        "pretaxIncome": 7713,
        "provisionforIncomeTaxes": 1368,
        "researchDevelopment": 9411,
        "revenue": 46159,
        "sgaExpense": 7803,
        "totalOperatingExpense": 24694,
        "totalOtherIncomeExpenseNet": -90,
        "year": 2022
      },
      {
        "costOfGoodsSold": 9601,
        "depreciationAmortization": 10023,
        "dilutedAverageSharesOutstanding": 2245,
        "dilutedEPS": 3.12,
        "ebit": 11274,
        "grossIncome": 36784,
        "interestExpense": 1334,
        "interestIncomeExpense": -550,
        "minorityInterest": -20,
        "netIncome": 6994,
        "netIncomeAfterTaxes": 7014,
        "nonRecurringItems": -2644,
        "otherOperatingExpensesTotal": -1733,
        "period": "2021-12-31",
        "pretaxIncome": 8098,
        "provisionforIncomeTaxes": 1084,
        "researchDevelopment": 9532,
        "revenue": 46385,
        "sgaExpense": 7688,
        "totalOperatingExpense": 25510,
        "totalOtherIncomeExpenseNet": 18,
        "year": 2021
      },
      {
        "costOfGoodsSold": 11133,
        "depreciationAmortization": 9688,
        "dilutedAverageSharesOutstanding": 2258,
        "dilutedEPS": -3.99,
        "ebit": 5972,
        "grossIncome": 31385,
        "interestExpense": 1420,
        "interestIncomeExpense": -71,
        "minorityInterest": -20,
        "netIncome": -9015,
        "netIncomeAfterTaxes": -8995,
        "nonRecurringItems": -12806,
        "otherOperatingExpensesTotal": -1527,
        "period": "2020-12-31",
        "pretaxIncome": -6871,
        "provisionforIncomeTaxes": 2124,
        "researchDevelopment": 9519,
        "revenue": 42518,
        "sgaExpense": 7733,
        "totalOperatingExpense": 25413,
        "totalOtherIncomeExpenseNet": 34,
        "year": 2020
      },
      {
        "costOfGoodsSold": 7804,
        "depreciationAmortization": 1206,
        "dilutedAverageSharesOutstanding": 1712,
        "dilutedEPS": 2.01,
        "ebit": 7780,
        "grossIncome": 18341,
        "interestExpense": 656,
        "interestIncomeExpense": -69,
        "minorityInterest": -21,
        "netIncome": 3439,
        "netIncomeAfterTaxes": 3460,
        "nonRecurringItems": -2992,
        "otherOperatingExpensesTotal": -1360,
        "period": "2019-12-31",
        "pretaxIncome": 4975,
        "provisionforIncomeTaxes": 1515,
        "researchDevelopment": 5845,
        "revenue": 26145,
        "sgaExpense": 4870,
        "totalOperatingExpense": 10561,
        "totalOtherIncomeExpenseNet": 256,
        "year": 2019
      },
      {
        "costOfGoodsSold": 6436,
        "depreciationAmortization": 41,
        "dilutedAverageSharesOutstanding": 1637,
        "dilutedEPS": 3,
        "ebit": 7756,
        "grossIncome": 16125,
        "interestExpense": 183,
        "interestIncomeExpense": -380,
        "minorityInterest": -27,
        "netIncome": 4920,
        "netIncomeAfterTaxes": 5003,
        "nonRecurringItems": -1343,
        "otherOperatingExpensesTotal": -1353,
        "period": "2018-12-31",
        "pretaxIncome": 5968,
        "provisionforIncomeTaxes": 965,
        "researchDevelopment": 5131,
        "revenue": 22561,
        "sgaExpense": 4550,
        "totalOperatingExpense": 8369,
        "totalOtherIncomeExpenseNet": -65,
        "year": 2018
      },
      {
        "costOfGoodsSold": 5768,
        "depreciationAmortization": 3,
        "dilutedAverageSharesOutstanding": 1652,
        "dilutedEPS": 0.6,
        "ebit": 6847,
        "grossIncome": 15008,
        "interestExpense": 196,
        "interestIncomeExpense": 33,
        "minorityInterest": 32,
        "netIncome": 1007,
        "netIncomeAfterTaxes": 3871,
        "nonRecurringItems": -1765,
        "otherOperatingExpensesTotal": -1351,
        "period": "2017-12-31",
        "pretaxIncome": 5131,
        "provisionforIncomeTaxes": 1260,
        "researchDevelopment": 4823,
        "revenue": 20776,
        "sgaExpense": 4686,
        "totalOperatingExpense": 8161,
        "totalOtherIncomeExpenseNet": 16,
        "year": 2017
      },
      {
        "costOfGoodsSold": 4925,
        "depreciationAmortization": 21,
        "dilutedAverageSharesOutstanding": 1680,
        "dilutedEPS": 2.65,
        "ebit": 5801,
        "grossIncome": 14502,
        "interestExpense": 167,
        "interestIncomeExpense": 15,
        "minorityInterest": -50,
        "netIncome": 4457,
        "netIncomeAfterTaxes": 4507,
        "nonRecurringItems": 55,
        "otherOperatingExpensesTotal": -719,
        "period": "2016-12-31",
        "pretaxIncome": 5915,
        "provisionforIncomeTaxes": 1408,
        "researchDevelopment": 4488,
        "revenue": 19427,
        "sgaExpense": 4911,
        "totalOperatingExpense": 8701,
        "totalOtherIncomeExpenseNet": 44,
        "year": 2016
      },
      {
        "costOfGoodsSold": 3825,
        "depreciationAmortization": 84,
        "dilutedAverageSharesOutstanding": 1679,
        "dilutedEPS": 0.93,
        "ebit": 2050,
        "gainLossOnDispositionOfAssets": 196,
        "grossIncome": 12735,
        "interestExpense": 184,
        "interestIncomeExpense": 0,
        "minorityInterest": -66,
        "netIncome": 1565,
        "netIncomeAfterTaxes": 1631,
        "nonRecurringItems": -790,
        "period": "2015-12-31",
        "pretaxIncome": 2077,
        "provisionforIncomeTaxes": 446,
        "researchDevelopment": 5760,
        "revenue": 16560,
        "sgaExpense": 4841,
        "totalOperatingExpense": 10685,
        "totalOtherIncomeExpenseNet": 621,
        "year": 2015
      }
    ],
    "symbol": "BMY"
  }
}