{
  "symbol": "APD",
  "statement": "ic",
  "frequency": "annual",
  "timestamp": "2025-09-19T13:55:22.553491",
  "data": {
    "financials": [
      {
        "costOfGoodsSold": 8168.7,
        "dilutedAverageSharesOutstanding": 222.8,
        "dilutedEPS": 17.18,
        "ebit": 2939.8,
        "grossIncome": 3931.9,
        "interestExpense": 218.8,
        "interestIncomeExpense": 412.6,
        "minorityInterest": -34.2,
        "netIncome": 3828.2,
        "netIncomeAfterTaxes": 3876.3,
        "nonRecurringItems": 1526.3,
        "otherOperatingExpensesTotal": -50.5,
        "period": "2024-09-30",
        "pretaxIncome": 4821.2,
        "provisionforIncomeTaxes": 944.9,
        "researchDevelopment": 100.2,
        "revenue": 12100.6,
        "sgaExpense": 942.4,
        "totalOperatingExpense": 992.1,
        "totalOtherIncomeExpenseNet": -57.5,
        "year": 2024
      },
      {
        "costOfGoodsSold": 8833,
        "dilutedAverageSharesOutstanding": 223,
        "dilutedEPS": 10.3,
        "ebit": 2740,
        "grossIncome": 3767,
        "interestExpense": 177.5,
        "interestIncomeExpense": 427,
        "minorityInterest": -38,
        "netIncome": 2300,
        "netIncomeAfterTaxes": 2331,
        "nonRecurringItems": -245,
        "otherOperatingExpensesTotal": -35,
        "period": "2023-09-30",
        "pretaxIncome": 2882,
        "provisionforIncomeTaxes": 551,
        "researchDevelopment": 106,
        "revenue": 12600,
        "sgaExpense": 957,
        "totalOperatingExpense": 1027,
        "totalOtherIncomeExpenseNet": -39,
        "year": 2023
      },
      {
        "costOfGoodsSold": 9339,
        "dilutedAverageSharesOutstanding": 223,
        "dilutedEPS": 10.11,
        "ebit": 2413,
        "grossIncome": 3360,
        "interestExpense": 128,
        "interestIncomeExpense": 354,
        "minorityInterest": -10,
        "netIncome": 2256,
        "netIncomeAfterTaxes": 2254,
        "nonRecurringItems": -74,
        "otherOperatingExpensesTotal": -56,
        "period": "2022-09-30",
        "pretaxIncome": 2755,
        "provisionforIncomeTaxes": 501,
        "researchDevelopment": 103,
        "revenue": 12699,
        "sgaExpense": 901,
        "totalOperatingExpense": 947,
        "totalOtherIncomeExpenseNet": 62,
        "year": 2022
      },
      {
        "costOfGoodsSold": 7186,
        "dilutedAverageSharesOutstanding": 223,
        "dilutedEPS": 9.41,
        "ebit": 2267,
        "grossIncome": 3137,
        "interestExpense": 141.8,
        "interestIncomeExpense": 189,
        "minorityInterest": -16,
        "netIncome": 2099,
        "netIncomeAfterTaxes": 2045,
        "nonRecurringItems": -23,
        "otherOperatingExpensesTotal": -53,
        "period": "2021-09-30",
        "pretaxIncome": 2507,
        "provisionforIncomeTaxes": 463,
        "researchDevelopment": 94,
        "revenue": 10323,
        "sgaExpense": 828,
        "totalOperatingExpense": 870,
        "totalOtherIncomeExpenseNet": 74,
        "year": 2021
      },
      {
        "costOfGoodsSold": 5858,
        "dilutedAverageSharesOutstanding": 222,
        "dilutedEPS": 8.5,
        "ebit": 2204,
        "grossIncome": 2998,
        "interestExpense": 109.3,
        "interestIncomeExpense": 156,
        "minorityInterest": -44,
        "netIncome": 1887,
        "netIncomeAfterTaxes": 1945,
        "nonRecurringItems": 34,
        "otherOperatingExpensesTotal": -65,
        "period": "2020-09-30",
        "pretaxIncome": 2424,
        "provisionforIncomeTaxes": 478,
        "researchDevelopment": 84,
        "revenue": 8856,
        "sgaExpense": 776,
        "totalOperatingExpense": 795,
        "totalOtherIncomeExpenseNet": 31,
        "year": 2020
      },
      {
        "costOfGoodsSold": 5976,
        "dilutedAverageSharesOutstanding": 222,
        "dilutedEPS": 7.92,
        "ebit": 2169,
        "grossIncome": 2943,
        "interestExpense": 141.3,
        "interestIncomeExpense": 108,
        "minorityInterest": -49,
        "netIncome": 1760,
        "netIncomeAfterTaxes": 1797,
        "nonRecurringItems": -55,
        "otherOperatingExpensesTotal": -49,
        "period": "2019-09-30",
        "pretaxIncome": 2290,
        "provisionforIncomeTaxes": 493,
        "researchDevelopment": 73,
        "revenue": 8919,
        "sgaExpense": 750,
        "totalOperatingExpense": 774,
        "totalOtherIncomeExpenseNet": 67,
        "year": 2019
      },
      {
        "costOfGoodsSold": 6190,
        "dilutedAverageSharesOutstanding": 221,
        "dilutedEPS": 6.77,
        "ebit": 1967,
        "grossIncome": 2741,
        "interestExpense": 120.4,
        "interestIncomeExpense": 83,
        "minorityInterest": -35,
        "netIncome": 1498,
        "netIncomeAfterTaxes": 1728,
        "nonRecurringItems": -42,
        "otherOperatingExpensesTotal": -51,
        "period": "2018-09-30",
        "pretaxIncome": 2015,
        "provisionforIncomeTaxes": 288,
        "researchDevelopment": 65,
        "revenue": 8930,
        "sgaExpense": 761,
        "totalOperatingExpense": 773,
        "totalOtherIncomeExpenseNet": 7,
        "year": 2018
      },
      {
        "costOfGoodsSold": 5752,
        "dilutedAverageSharesOutstanding": 220,
        "dilutedEPS": 13.63,
        "ebit": 1753,
        "grossIncome": 2436,
        "interestExpense": 105.9,
        "interestIncomeExpense": -2,
        "minorityInterest": -21,
        "netIncome": 3000,
        "netIncomeAfterTaxes": 1155,
        "nonRecurringItems": -332,
        "otherOperatingExpensesTotal": -88,
        "period": "2017-09-30",
        "pretaxIncome": 1416,
        "provisionforIncomeTaxes": 261,
        "researchDevelopment": 58,
        "revenue": 8188,
        "sgaExpense": 714,
        "totalOperatingExpense": 683,
        "totalOtherIncomeExpenseNet": -3,
        "year": 2017
      },
      {
        "costOfGoodsSold": 5177,
        "dilutedAverageSharesOutstanding": 218,
        "dilutedEPS": 2.89,
        "ebit": 1615,
        "grossIncome": 2327,
        "interestExpense": 106.4,
        "interestIncomeExpense": 28,
        "minorityInterest": -23,
        "netIncome": 631,
        "netIncomeAfterTaxes": 1122,
        "nonRecurringItems": -88,
        "otherOperatingExpensesTotal": -45,
        "period": "2016-09-30",
        "pretaxIncome": 1555,
        "provisionforIncomeTaxes": 433,
        "researchDevelopment": 72,
        "revenue": 7504,
        "sgaExpense": 685,
        "totalOperatingExpense": 712,
        "totalOtherIncomeExpenseNet": 0,
        "year": 2016
      },
      {
        "costOfGoodsSold": 5598,
        "dilutedAverageSharesOutstanding": 217,
        "dilutedEPS": 5.88,
        "ebit": 1405,
        "grossIncome": 2226,
        "interestExpense": 102.8,
        "interestIncomeExpense": 49,
        "minorityInterest": -33,
        "netIncome": 1278,
        "netIncomeAfterTaxes": 966,
        "nonRecurringItems": -187,
        "otherOperatingExpensesTotal": -28,
        "period": "2015-09-30",
        "pretaxIncome": 1266,
        "provisionforIncomeTaxes": 300,
        "researchDevelopment": 76,
        "revenue": 7824,
        "sgaExpense": 773,
        "totalOperatingExpense": 822,
        "totalOtherIncomeExpenseNet": 0,
        "year": 2015
      }
    ],
    "symbol": "APD"
  }
}