{
  "symbol": "RSG",
  "statement": "ic",
  "frequency": "annual",
  "timestamp": "2025-09-19T14:06:12.018349",
  "data": {
    "financials": [
      {
        "costOfGoodsSold": 9169,
        "depreciationAmortization": 1677,
        "dilutedAverageSharesOutstanding": 314.8,
        "dilutedEPS": 6.4898,
        "ebit": 3224,
        "grossIncome": 6863,
        "interestExpense": 539,
        "interestIncomeExpense": -785,
        "minorityInterest": 1,
        "netIncome": 2043,
        "netIncomeAfterTaxes": 2044,
        "nonRecurringItems": -30,
        "otherOperatingExpensesTotal": 107,
        "period": "2024-12-31",
        "pretaxIncome": 2432,
        "provisionforIncomeTaxes": 388,
        "revenue": 16032,
        "sgaExpense": 1855,
        "totalOperatingExpense": 3639,
        "totalOtherIncomeExpenseNet": 23,
        "year": 2024
      },
      {
        "costOfGoodsSold": 8765.7,
        "depreciationAmortization": 1501.4,
        "dilutedAverageSharesOutstanding": 316.7,
        "dilutedEPS": 5.4657,
        "ebit": 2843.3,
        "grossIncome": 6198.8,
        "interestExpense": 508.2,
        "interestIncomeExpense": -596,
        "minorityInterest": -0.4,
        "netIncome": 1731,
        "netIncomeAfterTaxes": 1731.4,
        "nonRecurringItems": -63.3,
        "otherOperatingExpensesTotal": 102.4,
        "period": "2023-12-31",
        "pretaxIncome": 2191.5,
        "provisionforIncomeTaxes": 460.1,
        "revenue": 14964.5,
        "sgaExpense": 1751.7,
        "totalOperatingExpense": 3355.5,
        "totalOtherIncomeExpenseNet": 7.5,
        "year": 2023
      },
      {
        "costOfGoodsSold": 8052.2,
        "depreciationAmortization": 1351.6,
        "dilutedAverageSharesOutstanding": 317.1,
        "dilutedEPS": 4.6913,
        "ebit": 2489.7,
        "grossIncome": 5459.1,
        "interestExpense": 395.6,
        "interestIncomeExpense": -557.9,
        "minorityInterest": 0,
        "netIncome": 1487.6,
        "netIncomeAfterTaxes": 1487.6,
        "nonRecurringItems": -98,
        "otherOperatingExpensesTotal": 88,
        "period": "2022-12-31",
        "pretaxIncome": 1831.5,
        "provisionforIncomeTaxes": 343.9,
        "revenue": 13511.3,
        "sgaExpense": 1529.8,
        "totalOperatingExpense": 2969.4,
        "totalOtherIncomeExpenseNet": -2.3,
        "year": 2022
      },
      {
        "costOfGoodsSold": 6647,
        "depreciationAmortization": 1185.5,
        "dilutedAverageSharesOutstanding": 319.4,
        "dilutedEPS": 4.0401,
        "ebit": 2093.3,
        "grossIncome": 4648,
        "interestExpense": 314.6,
        "interestIncomeExpense": -500.6,
        "minorityInterest": -1.9,
        "netIncome": 1290.4,
        "netIncomeAfterTaxes": 1292.3,
        "nonRecurringItems": -17.1,
        "otherOperatingExpensesTotal": 82.7,
        "period": "2021-12-31",
        "pretaxIncome": 1575.1,
        "provisionforIncomeTaxes": 282.8,
        "revenue": 11295,
        "sgaExpense": 1286.5,
        "totalOperatingExpense": 2554.7,
        "totalOtherIncomeExpenseNet": -0.5,
        "year": 2021
      },
      {
        "costOfGoodsSold": 6025,
        "depreciationAmortization": 1076,
        "dilutedAverageSharesOutstanding": 320,
        "dilutedEPS": 3.02,
        "ebit": 1864,
        "grossIncome": 4128,
        "interestExpense": 355.6,
        "interestIncomeExpense": -469,
        "minorityInterest": -2,
        "netIncome": 967,
        "netIncomeAfterTaxes": 970,
        "nonRecurringItems": -257,
        "otherOperatingExpensesTotal": 117,
        "period": "2020-12-31",
        "pretaxIncome": 1143,
        "provisionforIncomeTaxes": 173,
        "revenue": 10154,
        "sgaExpense": 1071,
        "totalOperatingExpense": 2264,
        "totalOtherIncomeExpenseNet": 4,
        "year": 2020
      },
      {
        "costOfGoodsSold": 6202,
        "depreciationAmortization": 1041,
        "dilutedAverageSharesOutstanding": 322,
        "dilutedEPS": 3.33,
        "ebit": 1802,
        "grossIncome": 4097,
        "interestExpense": 392,
        "interestIncomeExpense": -498,
        "minorityInterest": -1,
        "netIncome": 1073,
        "netIncomeAfterTaxes": 1074,
        "nonRecurringItems": -15,
        "otherOperatingExpensesTotal": 82,
        "period": "2019-12-31",
        "pretaxIncome": 1296,
        "provisionforIncomeTaxes": 222,
        "revenue": 10299,
        "sgaExpense": 1172,
        "totalOperatingExpense": 2295,
        "totalOtherIncomeExpenseNet": 6,
        "year": 2019
      },
      {
        "costOfGoodsSold": 6150,
        "depreciationAmortization": 1033,
        "dilutedAverageSharesOutstanding": 328,
        "dilutedEPS": 3.16,
        "ebit": 1730,
        "grossIncome": 3891,
        "interestExpense": 383.8,
        "interestIncomeExpense": -418,
        "minorityInterest": -1,
        "netIncome": 1037,
        "netIncomeAfterTaxes": 1038,
        "nonRecurringItems": 6,
        "otherOperatingExpensesTotal": 81,
        "period": "2018-12-31",
        "pretaxIncome": 1321,
        "provisionforIncomeTaxes": 283,
        "revenue": 10041,
        "sgaExpense": 1048,
        "totalOperatingExpense": 2161,
        "totalOtherIncomeExpenseNet": 3,
        "year": 2018
      },
      {
        "costOfGoodsSold": 6215,
        "depreciationAmortization": 1036,
        "dilutedAverageSharesOutstanding": 339,
        "dilutedEPS": 3.76,
        "ebit": 1652,
        "grossIncome": 3827,
        "interestExpense": 318.3,
        "interestIncomeExpense": -345,
        "minorityInterest": -1,
        "netIncome": 1278,
        "netIncomeAfterTaxes": 815,
        "nonRecurringItems": 16,
        "otherOperatingExpensesTotal": 81,
        "period": "2017-12-31",
        "pretaxIncome": 1282,
        "provisionforIncomeTaxes": 467,
        "revenue": 10042,
        "sgaExpense": 1057,
        "totalOperatingExpense": 2175,
        "totalOtherIncomeExpenseNet": -41,
        "year": 2017
      },
      {
        "costOfGoodsSold": 5764,
        "depreciationAmortization": 991,
        "dilutedAverageSharesOutstanding": 344,
        "dilutedEPS": 1.78,
        "ebit": 1578,
        "grossIncome": 3624,
        "interestExpense": 317.9,
        "interestIncomeExpense": -323,
        "minorityInterest": -1,
        "netIncome": 613,
        "netIncomeAfterTaxes": 613,
        "nonRecurringItems": -237,
        "otherOperatingExpensesTotal": 85,
        "period": "2016-12-31",
        "pretaxIncome": 966,
        "provisionforIncomeTaxes": 353,
        "revenue": 9388,
        "sgaExpense": 970,
        "totalOperatingExpense": 2045,
        "totalOtherIncomeExpenseNet": -52,
        "year": 2016
      },
      {
        "costOfGoodsSold": 5519,
        "depreciationAmortization": 971,
        "dilutedAverageSharesOutstanding": 351,
        "dilutedEPS": 2.13,
        "ebit": 1559,
        "grossIncome": 3596,
        "interestExpense": 317.8,
        "interestIncomeExpense": -317,
        "minorityInterest": -1,
        "netIncome": 750,
        "netIncomeAfterTaxes": 750,
        "nonRecurringItems": 0,
        "otherOperatingExpensesTotal": 84,
        "period": "2015-12-31",
        "pretaxIncome": 1196,
        "provisionforIncomeTaxes": 446,
        "revenue": 9115,
        "sgaExpense": 983,
        "totalOperatingExpense": 2037,
        "totalOtherIncomeExpenseNet": -46,
        "year": 2015
      }
    ],
    "symbol": "RSG"
  }
}