{
  "symbol": "KDP",
  "statement": "ic",
  "frequency": "annual",
  "timestamp": "2025-09-19T14:02:41.561192",
  "data": {
    "financials": [
      {
        "costOfGoodsSold": 6822,
        "depreciationAmortization": 321,
        "dilutedAverageSharesOutstanding": 1368.3,
        "dilutedEPS": 1.0531,
        "ebit": 3400,
        "gainLossOnDispositionOfAssets": 0,
        "grossIncome": 8529,
        "interestExpense": 735,
        "interestIncomeExpense": -735,
        "minorityInterest": 0,
        "netIncome": 1441,
        "netIncomeAfterTaxes": 1441,
        "nonRecurringItems": -811,
        "otherOperatingExpensesTotal": 207,
        "period": "2024-12-31",
        "pretaxIncome": 1914,
        "provisionforIncomeTaxes": 473,
        "researchDevelopment": 70,
        "revenue": 15351,
        "sgaExpense": 4531,
        "totalOperatingExpense": 5129,
        "totalOtherIncomeExpenseNet": 60,
        "year": 2024
      },
      {
        "costOfGoodsSold": 6734,
        "depreciationAmortization": 308,
        "dilutedAverageSharesOutstanding": 1408.4,
        "dilutedEPS": 1.5486,
        "ebit": 3194,
        "gainLossOnDispositionOfAssets": 6,
        "grossIncome": 8080,
        "interestExpense": 496,
        "interestIncomeExpense": -496,
        "minorityInterest": 0,
        "netIncome": 2181,
        "netIncomeAfterTaxes": 2181,
        "nonRecurringItems": -2,
        "otherOperatingExpensesTotal": -26,
        "period": "2023-12-31",
        "pretaxIncome": 2757,
        "provisionforIncomeTaxes": 576,
        "researchDevelopment": 66,
        "revenue": 14814,
        "sgaExpense": 4538,
        "totalOperatingExpense": 4886,
        "totalOtherIncomeExpenseNet": 55,
        "year": 2023
      },
      {
        "costOfGoodsSold": 6725,
        "depreciationAmortization": 308,
        "dilutedAverageSharesOutstanding": 1428.5,
        "dilutedEPS": 1.008,
        "ebit": 2983,
        "grossIncome": 7332,
        "interestExpense": 693,
        "interestIncomeExpense": -643,
        "minorityInterest": 1,
        "netIncome": 1436,
        "netIncomeAfterTaxes": 1439,
        "nonRecurringItems": -607,
        "otherOperatingExpensesTotal": -107,
        "period": "2022-12-31",
        "pretaxIncome": 1719,
        "provisionforIncomeTaxes": 280,
        "researchDevelopment": 65,
        "revenue": 14057,
        "sgaExpense": 4083,
        "totalOperatingExpense": 4349,
        "totalOtherIncomeExpenseNet": -14,
        "year": 2022
      },
      {
        "costOfGoodsSold": 5680,
        "depreciationAmortization": 311,
        "dilutedAverageSharesOutstanding": 1427.9,
        "dilutedEPS": 1.5092,
        "ebit": 3152,
        "grossIncome": 7003,
        "interestExpense": 500,
        "interestIncomeExpense": 24,
        "minorityInterest": 1,
        "netIncome": 2146,
        "netIncomeAfterTaxes": 2154,
        "nonRecurringItems": -380,
        "otherOperatingExpensesTotal": -70,
        "period": "2021-12-31",
        "pretaxIncome": 2798,
        "provisionforIncomeTaxes": 644,
        "researchDevelopment": 66,
        "revenue": 12683,
        "sgaExpense": 3544,
        "totalOperatingExpense": 3851,
        "totalOtherIncomeExpenseNet": 2,
        "year": 2021
      },
      {
        "costOfGoodsSold": 5080,
        "depreciationAmortization": 280,
        "dilutedAverageSharesOutstanding": 1422,
        "dilutedEPS": 0.95,
        "ebit": 2953,
        "grossIncome": 6538,
        "interestExpense": 604,
        "interestIncomeExpense": -604,
        "minorityInterest": 0,
        "netIncome": 1325,
        "netIncomeAfterTaxes": 1356,
        "nonRecurringItems": -579,
        "otherOperatingExpensesTotal": -39,
        "period": "2020-12-31",
        "pretaxIncome": 1753,
        "provisionforIncomeTaxes": 397,
        "researchDevelopment": 69,
        "revenue": 11618,
        "sgaExpense": 3275,
        "totalOperatingExpense": 3585,
        "totalOtherIncomeExpenseNet": -17,
        "year": 2020
      },
      {
        "costOfGoodsSold": 4778,
        "depreciationAmortization": 159,
        "dilutedAverageSharesOutstanding": 1419,
        "dilutedEPS": 0.88,
        "ebit": 2363,
        "grossIncome": 6342,
        "interestExpense": 661,
        "interestIncomeExpense": -657,
        "minorityInterest": 0,
        "netIncome": 1254,
        "netIncomeAfterTaxes": 1254,
        "nonRecurringItems": -5,
        "otherOperatingExpensesTotal": 2,
        "period": "2019-12-31",
        "pretaxIncome": 1694,
        "provisionforIncomeTaxes": 440,
        "researchDevelopment": 81,
        "revenue": 11120,
        "sgaExpense": 3737,
        "totalOperatingExpense": 3979,
        "totalOtherIncomeExpenseNet": -7,
        "year": 2019
      },
      {
        "costOfGoodsSold": 3560,
        "depreciationAmortization": 110,
        "dilutedAverageSharesOutstanding": 1098,
        "dilutedEPS": 0.53,
        "ebit": 1257,
        "grossIncome": 3882,
        "interestExpense": 446,
        "interestIncomeExpense": -445,
        "minorityInterest": -3,
        "netIncome": 586,
        "netIncomeAfterTaxes": 584,
        "nonRecurringItems": -1,
        "otherOperatingExpensesTotal": 10,
        "period": "2018-12-31",
        "pretaxIncome": 791,
        "provisionforIncomeTaxes": 207,
        "researchDevelopment": 64,
        "revenue": 7442,
        "sgaExpense": 2441,
        "totalOperatingExpense": 2625,
        "totalOtherIncomeExpenseNet": -20,
        "year": 2018
      },
      {
        "costOfGoodsSold": 2695,
        "depreciationAmortization": 102,
        "dilutedAverageSharesOutstanding": 183,
        "dilutedEPS": 5.87,
        "ebit": 1388,
        "equityEarningsAffiliates": -2,
        "grossIncome": 3995,
        "interestExpense": 164,
        "interestIncomeExpense": -161,
        "netIncome": 1076,
        "netIncomeAfterTaxes": 781,
        "nonRecurringItems": -62,
        "otherOperatingExpensesTotal": -51,
        "period": "2017-12-31",
        "pretaxIncome": 1173,
        "provisionforIncomeTaxes": 392,
        "researchDevelopment": 20,
        "revenue": 6690,
        "sgaExpense": 2536,
        "totalOperatingExpense": 2607,
        "totalOtherIncomeExpenseNet": 8,
        "year": 2017
      },
      {
        "costOfGoodsSold": 2582,
        "depreciationAmortization": 99,
        "dilutedAverageSharesOutstanding": 187,
        "dilutedEPS": 4.54,
        "ebit": 1433,
        "equityEarningsAffiliates": -2,
        "grossIncome": 3858,
        "interestExpense": 147,
        "interestIncomeExpense": -144,
        "netIncome": 847,
        "netIncomeAfterTaxes": 849,
        "nonRecurringItems": -31,
        "otherOperatingExpensesTotal": -3,
        "period": "2016-12-31",
        "pretaxIncome": 1283,
        "provisionforIncomeTaxes": 434,
        "researchDevelopment": 20,
        "revenue": 6440,
        "sgaExpense": 2309,
        "totalOperatingExpense": 2425,
        "totalOtherIncomeExpenseNet": 25,
        "year": 2016
      },
      {
        "costOfGoodsSold": 2559,
        "depreciationAmortization": 105,
        "dilutedAverageSharesOutstanding": 192,
        "dilutedEPS": 3.97,
        "ebit": 1298,
        "equityEarningsAffiliates": 0,
        "grossIncome": 3723,
        "interestExpense": 117,
        "interestIncomeExpense": -115,
        "netIncome": 764,
        "netIncomeAfterTaxes": 764,
        "otherOperatingExpensesTotal": 7,
        "period": "2015-12-31",
        "pretaxIncome": 1184,
        "provisionforIncomeTaxes": 420,
        "researchDevelopment": 19,
        "revenue": 6282,
        "sgaExpense": 2294,
        "totalOperatingExpense": 2425,
        "totalOtherIncomeExpenseNet": 1,
        "year": 2015
      }
    ],
    "symbol": "KDP"
  }
}