{
  "symbol": "SO",
  "statement": "ic",
  "frequency": "quarterly",
  "timestamp": "2025-09-19T14:06:50.042791",
  "data": {
    "financials": [
      {
        "costOfGoodsSold": 682,
        "depreciationAmortization": 1323,
        "dilutedAverageSharesOutstanding": 1108,
        "dilutedEPS": 0.7942,
        "ebit": 1764,
        "grossIncome": 6291,
        "interestExpense": 874,
        "interestIncomeExpense": -864,
        "minorityInterest": 27,
        "netIncome": 880,
        "netIncomeAfterTaxes": 853,
        "operationsMaintenance": 1685,
        "otherOperatingExpensesTotal": 403,
        "otherRevenue": 335,
        "period": "2025-06-30",
        "pretaxIncome": 1142,
        "provisionforIncomeTaxes": 289,
        "purchasedFuelPowerGas": 1116,
        "revenue": 6973,
        "totalOperatingExpense": 4527,
        "totalOtherIncomeExpenseNet": 242
      },
      {
        "costOfGoodsSold": 1123,
        "depreciationAmortization": 1286,
        "dilutedAverageSharesOutstanding": 1105,
        "dilutedEPS": 1.2072,
        "ebit": 2010,
        "grossIncome": 6652,
        "interestExpense": 714,
        "interestIncomeExpense": -682,
        "minorityInterest": 64,
        "netIncome": 1334,
        "netIncomeAfterTaxes": 1270,
        "operationsMaintenance": 1619,
        "otherOperatingExpensesTotal": 445,
        "otherRevenue": 349,
        "period": "2025-03-31",
        "pretaxIncome": 1550,
        "provisionforIncomeTaxes": 280,
        "purchasedFuelPowerGas": 1292,
        "revenue": 7775,
        "totalOperatingExpense": 4642,
        "totalOtherIncomeExpenseNet": 222
      },
      {
        "costOfGoodsSold": 762,
        "depreciationAmortization": 1218,
        "dilutedAverageSharesOutstanding": 1102,
        "dilutedEPS": 0.4846,
        "ebit": 1058,
        "grossIncome": 5579,
        "interestExpense": 693,
        "interestIncomeExpense": -661,
        "minorityInterest": 68,
        "netIncome": 534,
        "netIncomeAfterTaxes": 466,
        "nonRecurringItems": 0,
        "operationsMaintenance": 1996,
        "otherOperatingExpensesTotal": 385,
        "otherRevenue": 331,
        "period": "2024-12-31",
        "pretaxIncome": 545,
        "provisionforIncomeTaxes": 79,
        "purchasedFuelPowerGas": 922,
        "revenue": 6341,
        "totalOperatingExpense": 4521,
        "totalOtherIncomeExpenseNet": 148
      },
      {
        "costOfGoodsSold": 513,
        "depreciationAmortization": 1210,
        "dilutedAverageSharesOutstanding": 1103,
        "dilutedEPS": 1.3917,
        "ebit": 2368,
        "grossIncome": 6761,
        "interestExpense": 692,
        "interestIncomeExpense": -661,
        "minorityInterest": 0,
        "netIncome": 1535,
        "netIncomeAfterTaxes": 1535,
        "nonRecurringItems": 0,
        "operationsMaintenance": 1662,
        "otherOperatingExpensesTotal": 375,
        "otherRevenue": 283,
        "period": "2024-09-30",
        "pretaxIncome": 1912,
        "provisionforIncomeTaxes": 377,
        "purchasedFuelPowerGas": 1146,
        "revenue": 7274,
        "totalOperatingExpense": 4393,
        "totalOtherIncomeExpenseNet": 205
      },
      {
        "costOfGoodsSold": 538,
        "depreciationAmortization": 1182,
        "dilutedAverageSharesOutstanding": 1102,
        "dilutedEPS": 1.0917,
        "ebit": 1918,
        "grossIncome": 5925,
        "interestExpense": 694,
        "interestIncomeExpense": -663,
        "minorityInterest": 15,
        "netIncome": 1203,
        "netIncomeAfterTaxes": 1188,
        "nonRecurringItems": 21,
        "operationsMaintenance": 1409,
        "otherOperatingExpensesTotal": 384,
        "otherRevenue": 309,
        "period": "2024-06-30",
        "pretaxIncome": 1478,
        "provisionforIncomeTaxes": 290,
        "purchasedFuelPowerGas": 1032,
        "revenue": 6463,
        "totalOperatingExpense": 4007,
        "totalOtherIncomeExpenseNet": 202
      },
      {
        "costOfGoodsSold": 934,
        "depreciationAmortization": 1145,
        "dilutedAverageSharesOutstanding": 1100,
        "dilutedEPS": 1.0264,
        "ebit": 1703,
        "grossIncome": 5712,
        "interestExpense": 665,
        "interestIncomeExpense": -620,
        "minorityInterest": 58,
        "netIncome": 1129,
        "netIncomeAfterTaxes": 1071,
        "operationsMaintenance": 1472,
        "otherOperatingExpensesTotal": 396,
        "otherRevenue": 228,
        "period": "2024-03-31",
        "pretaxIncome": 1294,
        "provisionforIncomeTaxes": 223,
        "purchasedFuelPowerGas": 996,
        "revenue": 6646,
        "totalOperatingExpense": 4009,
        "totalOtherIncomeExpenseNet": 211
      },
      {
        "costOfGoodsSold": 827,
        "depreciationAmortization": 1160,
        "dilutedAverageSharesOutstanding": 1098,
        "dilutedEPS": 0.7787,
        "ebit": 979,
        "grossIncome": 5218,
        "interestExpense": 634,
        "interestIncomeExpense": -600,
        "minorityInterest": 59,
        "netIncome": 855,
        "netIncomeAfterTaxes": 796,
        "nonRecurringItems": 228,
        "operationsMaintenance": 1741,
        "otherOperatingExpensesTotal": 349,
        "otherRevenue": 287,
        "period": "2023-12-31",
        "pretaxIncome": 800,
        "provisionforIncomeTaxes": 4,
        "purchasedFuelPowerGas": 989,
        "revenue": 6045,
        "totalOperatingExpense": 4239,
        "totalOtherIncomeExpenseNet": 193
      },
      {
        "costOfGoodsSold": 435,
        "depreciationAmortization": 1143,
        "dilutedAverageSharesOutstanding": 1099,
        "dilutedEPS": 1.2939,
        "ebit": 2270,
        "grossIncome": 6545,
        "interestExpense": 620,
        "interestIncomeExpense": -588,
        "minorityInterest": -10,
        "netIncome": 1422,
        "netIncomeAfterTaxes": 1432,
        "nonRecurringItems": -160,
        "operationsMaintenance": 1424,
        "otherOperatingExpensesTotal": 341,
        "otherRevenue": 222,
        "period": "2023-09-30",
        "pretaxIncome": 1729,
        "provisionforIncomeTaxes": 297,
        "purchasedFuelPowerGas": 1367,
        "revenue": 6980,
        "totalOperatingExpense": 4275,
        "totalOtherIncomeExpenseNet": 207
      },
      {
        "costOfGoodsSold": 558,
        "depreciationAmortization": 1112,
        "dilutedAverageSharesOutstanding": 1092,
        "dilutedEPS": 0.7674,
        "ebit": 1290,
        "grossIncome": 5190,
        "interestExpense": 610,
        "interestIncomeExpense": -581,
        "minorityInterest": 15,
        "netIncome": 838,
        "netIncomeAfterTaxes": 823,
        "nonRecurringItems": 0,
        "operationsMaintenance": 1489,
        "otherOperatingExpensesTotal": 340,
        "otherRevenue": 223,
        "period": "2023-06-30",
        "pretaxIncome": 921,
        "provisionforIncomeTaxes": 98,
        "purchasedFuelPowerGas": 959,
        "revenue": 5748,
        "totalOperatingExpense": 3900,
        "totalOtherIncomeExpenseNet": 212
      },
      {
        "costOfGoodsSold": 1267,
        "depreciationAmortization": 1111,
        "dilutedAverageSharesOutstanding": 1098,
        "dilutedEPS": 0.7851,
        "ebit": 1176,
        "grossIncome": 5213,
        "interestExpense": 582,
        "interestIncomeExpense": -534,
        "minorityInterest": 63,
        "netIncome": 862,
        "netIncomeAfterTaxes": 799,
        "nonRecurringItems": 42,
        "operationsMaintenance": 1482,
        "otherOperatingExpensesTotal": 394,
        "otherRevenue": 217,
        "period": "2023-03-31",
        "pretaxIncome": 896,
        "provisionforIncomeTaxes": 97,
        "purchasedFuelPowerGas": 1050,
        "revenue": 6480,
        "totalOperatingExpense": 4037,
        "totalOtherIncomeExpenseNet": 212
      },
      {
        "costOfGoodsSold": 1593,
        "depreciationAmortization": 935,
        "dilutedAverageSharesOutstanding": 1090,
        "dilutedEPS": -0.0798,
        "ebit": 586,
        "grossIncome": 5454,
        "interestExpense": 561,
        "interestIncomeExpense": -519,
        "minorityInterest": 52,
        "netIncome": -87,
        "netIncomeAfterTaxes": -138,
        "nonRecurringItems": -448,
        "operationsMaintenance": 2009,
        "otherOperatingExpensesTotal": 338,
        "otherRevenue": 213,
        "period": "2022-12-31",
        "pretaxIncome": -234,
        "provisionforIncomeTaxes": -96,
        "purchasedFuelPowerGas": 1586,
        "revenue": 7047,
        "totalOperatingExpense": 4868,
        "totalOtherIncomeExpenseNet": 147
      },
      {
        "costOfGoodsSold": 1031,
        "depreciationAmortization": 922,
        "dilutedAverageSharesOutstanding": 1088,
        "dilutedEPS": 1.3529,
        "ebit": 2103,
        "grossIncome": 7347,
        "interestExpense": 511,
        "interestIncomeExpense": -483,
        "minorityInterest": -12,
        "netIncome": 1472,
        "netIncomeAfterTaxes": 1487,
        "nonRecurringItems": 90,
        "operationsMaintenance": 1547,
        "otherOperatingExpensesTotal": 352,
        "otherRevenue": 178,
        "period": "2022-09-30",
        "pretaxIncome": 1901,
        "provisionforIncomeTaxes": 414,
        "purchasedFuelPowerGas": 2423,
        "revenue": 8378,
        "totalOperatingExpense": 5244,
        "totalOtherIncomeExpenseNet": 191
      },
      {
        "costOfGoodsSold": 974,
        "depreciationAmortization": 913,
        "dilutedAverageSharesOutstanding": 1072,
        "dilutedEPS": 1.0327,
        "ebit": 1697,
        "grossIncome": 6232,
        "interestExpense": 488,
        "interestIncomeExpense": -454,
        "minorityInterest": 22,
        "netIncome": 1107,
        "netIncomeAfterTaxes": 1089,
        "nonRecurringItems": -42,
        "operationsMaintenance": 1558,
        "otherOperatingExpensesTotal": 349,
        "otherRevenue": 205,
        "period": "2022-06-30",
        "pretaxIncome": 1393,
        "provisionforIncomeTaxes": 304,
        "purchasedFuelPowerGas": 1715,
        "revenue": 7206,
        "totalOperatingExpense": 4535,
        "totalOtherIncomeExpenseNet": 192
      },
      {
        "costOfGoodsSold": 1396,
        "depreciationAmortization": 892,
        "dilutedAverageSharesOutstanding": 1069,
        "dilutedEPS": 0.9654,
        "ebit": 1361,
        "grossIncome": 5252,
        "interestExpense": 462,
        "interestIncomeExpense": -416,
        "minorityInterest": 45,
        "netIncome": 1032,
        "netIncomeAfterTaxes": 991,
        "nonRecurringItems": 23,
        "operationsMaintenance": 1516,
        "otherOperatingExpensesTotal": 372,
        "otherRevenue": 136,
        "period": "2022-03-31",
        "pretaxIncome": 1164,
        "provisionforIncomeTaxes": 173,
        "purchasedFuelPowerGas": 1111,
        "revenue": 6648,
        "totalOperatingExpense": 3891,
        "totalOtherIncomeExpenseNet": 196
      },
      {
        "costOfGoodsSold": 1044,
        "depreciationAmortization": 907,
        "dilutedAverageSharesOutstanding": 1064,
        "dilutedEPS": -0.2021,
        "ebit": 584,
        "grossIncome": 4723,
        "interestExpense": 485,
        "interestIncomeExpense": -444,
        "minorityInterest": 72,
        "netIncome": -215,
        "netIncomeAfterTaxes": -283,
        "nonRecurringItems": -915,
        "operationsMaintenance": 1831,
        "otherOperatingExpensesTotal": 321,
        "otherRevenue": 195,
        "period": "2021-12-31",
        "pretaxIncome": -566,
        "provisionforIncomeTaxes": -283,
        "purchasedFuelPowerGas": 1080,
        "revenue": 5767,
        "totalOperatingExpense": 4139,
        "totalOtherIncomeExpenseNet": 209
      },
      {
        "costOfGoodsSold": 488,
        "depreciationAmortization": 896,
        "dilutedAverageSharesOutstanding": 1068,
        "dilutedEPS": 1.0309,
        "ebit": 1862,
        "grossIncome": 5750,
        "interestExpense": 451,
        "interestIncomeExpense": -421,
        "minorityInterest": -5,
        "netIncome": 1101,
        "netIncomeAfterTaxes": 1110,
        "nonRecurringItems": -139,
        "operationsMaintenance": 1446,
        "otherOperatingExpensesTotal": 312,
        "otherRevenue": 154,
        "period": "2021-09-30",
        "pretaxIncome": 1482,
        "provisionforIncomeTaxes": 372,
        "purchasedFuelPowerGas": 1234,
        "revenue": 6238,
        "totalOperatingExpense": 3888,
        "totalOtherIncomeExpenseNet": 180
      },
      {
        "costOfGoodsSold": 551,
        "depreciationAmortization": 891,
        "dilutedAverageSharesOutstanding": 1067,
        "dilutedEPS": 0.3486,
        "ebit": 1157,
        "grossIncome": 4647,
        "interestExpense": 450,
        "interestIncomeExpense": -490,
        "minorityInterest": 0,
        "netIncome": 372,
        "netIncomeAfterTaxes": 376,
        "nonRecurringItems": -456,
        "operationsMaintenance": 1438,
        "otherOperatingExpensesTotal": 313,
        "otherRevenue": 201,
        "period": "2021-06-30",
        "pretaxIncome": 364,
        "provisionforIncomeTaxes": -12,
        "purchasedFuelPowerGas": 848,
        "revenue": 5198,
        "totalOperatingExpense": 3490,
        "totalOtherIncomeExpenseNet": 153
      },
      {
        "costOfGoodsSold": 872,
        "depreciationAmortization": 871,
        "dilutedAverageSharesOutstanding": 1066,
        "dilutedEPS": 1.06,
        "ebit": 1602,
        "grossIncome": 5038,
        "interestExpense": 450,
        "interestIncomeExpense": -405,
        "minorityInterest": 32,
        "netIncome": 1135,
        "netIncomeAfterTaxes": 1107,
        "nonRecurringItems": -4,
        "operationsMaintenance": 1372,
        "otherOperatingExpensesTotal": 345,
        "otherRevenue": 159,
        "period": "2021-03-31",
        "pretaxIncome": 1297,
        "provisionforIncomeTaxes": 190,
        "purchasedFuelPowerGas": 848,
        "revenue": 5910,
        "totalOperatingExpense": 3436,
        "totalOtherIncomeExpenseNet": 104
      },
      {
        "costOfGoodsSold": 632,
        "depreciationAmortization": 899,
        "dilutedAverageSharesOutstanding": 1068,
        "dilutedEPS": 0.36,
        "ebit": 879,
        "grossIncome": 4485,
        "interestExpense": 478,
        "interestIncomeExpense": -430,
        "minorityInterest": 34,
        "netIncome": 387,
        "netIncomeAfterTaxes": 357,
        "nonRecurringItems": -202,
        "operationsMaintenance": 1628,
        "otherOperatingExpensesTotal": 302,
        "otherRevenue": 245,
        "period": "2020-12-31",
        "pretaxIncome": 307,
        "provisionforIncomeTaxes": -50,
        "purchasedFuelPowerGas": 777,
        "revenue": 5117,
        "totalOperatingExpense": 3606,
        "totalOtherIncomeExpenseNet": 60
      },
      {
        "costOfGoodsSold": 373,
        "depreciationAmortization": 889,
        "dilutedAverageSharesOutstanding": 1064,
        "dilutedEPS": 1.18,
        "ebit": 1835,
        "grossIncome": 5247,
        "interestExpense": 443,
        "interestIncomeExpense": -410,
        "minorityInterest": -28,
        "netIncome": 1251,
        "netIncomeAfterTaxes": 1283,
        "nonRecurringItems": 0,
        "operationsMaintenance": 1286,
        "otherOperatingExpensesTotal": 304,
        "otherRevenue": 152,
        "period": "2020-09-30",
        "pretaxIncome": 1576,
        "provisionforIncomeTaxes": 293,
        "purchasedFuelPowerGas": 933,
        "revenue": 5620,
        "totalOperatingExpense": 3412,
        "totalOtherIncomeExpenseNet": 151
      },
      {
        "costOfGoodsSold": 418,
        "depreciationAmortization": 873,
        "dilutedAverageSharesOutstanding": 1063,
        "dilutedEPS": 0.58,
        "ebit": 1207,
        "grossIncome": 4202,
        "interestExpense": 444,
        "interestIncomeExpense": -414,
        "minorityInterest": -5,
        "netIncome": 612,
        "netIncomeAfterTaxes": 621,
        "nonRecurringItems": -303,
        "operationsMaintenance": 1203,
        "otherOperatingExpensesTotal": 298,
        "otherRevenue": 162,
        "period": "2020-06-30",
        "pretaxIncome": 626,
        "provisionforIncomeTaxes": 5,
        "purchasedFuelPowerGas": 621,
        "revenue": 4620,
        "totalOperatingExpense": 2995,
        "totalOtherIncomeExpenseNet": 136
      },
      {
        "costOfGoodsSold": 675,
        "depreciationAmortization": 857,
        "dilutedAverageSharesOutstanding": 1067,
        "dilutedEPS": 0.81,
        "ebit": 1224,
        "grossIncome": 4343,
        "interestExpense": 456,
        "interestIncomeExpense": -414,
        "minorityInterest": 31,
        "netIncome": 868,
        "netIncomeAfterTaxes": 841,
        "nonRecurringItems": 39,
        "operationsMaintenance": 1296,
        "otherOperatingExpensesTotal": 330,
        "otherRevenue": 122,
        "period": "2020-03-31",
        "pretaxIncome": 986,
        "provisionforIncomeTaxes": 145,
        "purchasedFuelPowerGas": 636,
        "revenue": 5018,
        "totalOperatingExpense": 3119,
        "totalOtherIncomeExpenseNet": 137
      },
      {
        "costOfGoodsSold": 673,
        "depreciationAmortization": 771,
        "dilutedAverageSharesOutstanding": 1063,
        "dilutedEPS": 0.41,
        "ebit": 673,
        "grossIncome": 4241,
        "interestExpense": 442,
        "interestIncomeExpense": -400,
        "minorityInterest": 36,
        "netIncome": 441,
        "netIncomeAfterTaxes": 409,
        "nonRecurringItems": 17,
        "operationsMaintenance": 1712,
        "otherOperatingExpensesTotal": 299,
        "otherRevenue": 206,
        "period": "2019-12-31",
        "pretaxIncome": 335,
        "provisionforIncomeTaxes": -74,
        "purchasedFuelPowerGas": 786,
        "revenue": 4914,
        "totalOperatingExpense": 3568,
        "totalOtherIncomeExpenseNet": 45
      },
      {
        "costOfGoodsSold": 447,
        "depreciationAmortization": 760,
        "dilutedAverageSharesOutstanding": 1057,
        "dilutedEPS": 1.25,
        "ebit": 2121,
        "grossIncome": 5548,
        "interestExpense": 434,
        "interestIncomeExpense": -395,
        "minorityInterest": -25,
        "netIncome": 1316,
        "netIncomeAfterTaxes": 1345,
        "nonRecurringItems": -108,
        "operationsMaintenance": 1292,
        "otherOperatingExpensesTotal": 303,
        "otherRevenue": 197,
        "period": "2019-09-30",
        "pretaxIncome": 1712,
        "provisionforIncomeTaxes": 367,
        "purchasedFuelPowerGas": 1072,
        "revenue": 5995,
        "totalOperatingExpense": 3427,
        "totalOtherIncomeExpenseNet": 94
      },
      {
        "costOfGoodsSold": 476,
        "depreciationAmortization": 755,
        "dilutedAverageSharesOutstanding": 1052,
        "dilutedEPS": 0.85,
        "ebit": 1370,
        "grossIncome": 4622,
        "interestExpense": 429,
        "interestIncomeExpense": -396,
        "minorityInterest": -29,
        "netIncome": 899,
        "netIncomeAfterTaxes": 931,
        "nonRecurringItems": -28,
        "operationsMaintenance": 1284,
        "otherOperatingExpensesTotal": 299,
        "otherRevenue": 166,
        "period": "2019-06-30",
        "pretaxIncome": 1076,
        "provisionforIncomeTaxes": 145,
        "purchasedFuelPowerGas": 914,
        "revenue": 5098,
        "totalOperatingExpense": 3252,
        "totalOtherIncomeExpenseNet": 130
      },
      {
        "costOfGoodsSold": 974,
        "depreciationAmortization": 751,
        "dilutedAverageSharesOutstanding": 1045,
        "dilutedEPS": 1.99,
        "ebit": 1196,
        "grossIncome": 4438,
        "interestExpense": 430,
        "interestIncomeExpense": -382,
        "minorityInterest": 29,
        "netIncome": 2084,
        "netIncomeAfterTaxes": 2059,
        "nonRecurringItems": 2495,
        "operationsMaintenance": 1312,
        "otherOperatingExpensesTotal": 329,
        "otherRevenue": 187,
        "period": "2019-03-31",
        "pretaxIncome": 3419,
        "provisionforIncomeTaxes": 1360,
        "purchasedFuelPowerGas": 850,
        "revenue": 5412,
        "totalOperatingExpense": 3242,
        "totalOtherIncomeExpenseNet": 110
      },
      {
        "costOfGoodsSold": 815,
        "depreciationAmortization": 793,
        "dilutedAverageSharesOutstanding": 1037,
        "dilutedEPS": 0.26,
        "ebit": 609,
        "grossIncome": 4522,
        "interestExpense": 456,
        "interestIncomeExpense": -416,
        "minorityInterest": 13,
        "netIncome": 278,
        "netIncomeAfterTaxes": 239,
        "nonRecurringItems": -31,
        "operationsMaintenance": 1672,
        "otherOperatingExpensesTotal": 325,
        "otherRevenue": 232,
        "period": "2018-12-31",
        "pretaxIncome": 120,
        "provisionforIncomeTaxes": -119,
        "purchasedFuelPowerGas": 1123,
        "revenue": 5337,
        "totalOperatingExpense": 3913,
        "totalOtherIncomeExpenseNet": -42
      },
      {
        "costOfGoodsSold": 481,
        "depreciationAmortization": 787,
        "dilutedAverageSharesOutstanding": 1029,
        "dilutedEPS": 1.13,
        "ebit": 1858,
        "grossIncome": 5678,
        "interestExpense": 458,
        "interestIncomeExpense": -422,
        "minorityInterest": -54,
        "netIncome": 1164,
        "netIncomeAfterTaxes": 1222,
        "nonRecurringItems": 316,
        "operationsMaintenance": 1404,
        "otherOperatingExpensesTotal": 319,
        "otherRevenue": 199,
        "period": "2018-09-30",
        "pretaxIncome": 1845,
        "provisionforIncomeTaxes": 623,
        "purchasedFuelPowerGas": 1310,
        "revenue": 6159,
        "totalOperatingExpense": 3820,
        "totalOtherIncomeExpenseNet": 93
      },
      {
        "costOfGoodsSold": 743,
        "depreciationAmortization": 783,
        "dilutedAverageSharesOutstanding": 1014,
        "dilutedEPS": -0.15,
        "ebit": 1278,
        "grossIncome": 4884,
        "interestExpense": 470,
        "interestIncomeExpense": -439,
        "minorityInterest": -23,
        "netIncome": -154,
        "netIncomeAfterTaxes": -127,
        "nonRecurringItems": -1215,
        "operationsMaintenance": 1404,
        "otherOperatingExpensesTotal": 316,
        "otherRevenue": 395,
        "period": "2018-06-30",
        "pretaxIncome": -266,
        "provisionforIncomeTaxes": -139,
        "purchasedFuelPowerGas": 1103,
        "revenue": 5627,
        "totalOperatingExpense": 3606,
        "totalOtherIncomeExpenseNet": 110
      },
      {
        "costOfGoodsSold": 1276,
        "depreciationAmortization": 769,
        "dilutedAverageSharesOutstanding": 1016,
        "dilutedEPS": 0.92,
        "ebit": 1462,
        "grossIncome": 5096,
        "interestExpense": 458,
        "interestIncomeExpense": -417,
        "minorityInterest": 6,
        "netIncome": 938,
        "netIncomeAfterTaxes": 936,
        "nonRecurringItems": -86,
        "operationsMaintenance": 1409,
        "otherOperatingExpensesTotal": 355,
        "otherRevenue": 413,
        "period": "2018-03-31",
        "pretaxIncome": 1049,
        "provisionforIncomeTaxes": 113,
        "purchasedFuelPowerGas": 1101,
        "revenue": 6372,
        "totalOperatingExpense": 3634,
        "totalOtherIncomeExpenseNet": 90
      },
      {
        "costOfGoodsSold": 953,
        "depreciationAmortization": 774,
        "dilutedAverageSharesOutstanding": 1017,
        "dilutedEPS": 0.48,
        "ebit": 925,
        "grossIncome": 4675,
        "interestExpense": 446,
        "interestIncomeExpense": -440,
        "minorityInterest": 2,
        "netIncome": 495,
        "netIncomeAfterTaxes": 235,
        "nonRecurringItems": -186,
        "operationsMaintenance": 1639,
        "otherOperatingExpensesTotal": 309,
        "otherRevenue": 309,
        "period": "2017-12-31",
        "pretaxIncome": 324,
        "provisionforIncomeTaxes": 89,
        "purchasedFuelPowerGas": 1028,
        "revenue": 5628,
        "totalOperatingExpense": 3750,
        "totalOtherIncomeExpenseNet": 25
      },
      {
        "costOfGoodsSold": 480,
        "depreciationAmortization": 767,
        "dilutedAverageSharesOutstanding": 1010,
        "dilutedEPS": 1.06,
        "ebit": 2025,
        "grossIncome": 5721,
        "interestExpense": 407,
        "interestIncomeExpense": -375,
        "minorityInterest": -30,
        "netIncome": 1069,
        "netIncomeAfterTaxes": 1109,
        "nonRecurringItems": -34,
        "operationsMaintenance": 1341,
        "otherOperatingExpensesTotal": 303,
        "otherRevenue": 168,
        "period": "2017-09-30",
        "pretaxIncome": 1699,
        "provisionforIncomeTaxes": 590,
        "purchasedFuelPowerGas": 1285,
        "revenue": 6201,
        "totalOperatingExpense": 3696,
        "totalOtherIncomeExpenseNet": 83
      },
      {
        "costOfGoodsSold": 557,
        "depreciationAmortization": 754,
        "dilutedAverageSharesOutstanding": 998,
        "dilutedEPS": -1.38,
        "ebit": 1363,
        "grossIncome": 4873,
        "interestExpense": 424,
        "interestIncomeExpense": -396,
        "minorityInterest": -22,
        "netIncome": -1381,
        "netIncomeAfterTaxes": -1348,
        "nonRecurringItems": -3012,
        "operationsMaintenance": 1356,
        "otherOperatingExpensesTotal": 308,
        "otherRevenue": 184,
        "period": "2017-06-30",
        "pretaxIncome": -1935,
        "provisionforIncomeTaxes": -587,
        "purchasedFuelPowerGas": 1092,
        "revenue": 5430,
        "totalOperatingExpense": 3510,
        "totalOtherIncomeExpenseNet": 110
      },
      {
        "costOfGoodsSold": 986,
        "depreciationAmortization": 716,
        "dilutedAverageSharesOutstanding": 1000,
        "dilutedEPS": 0.66,
        "ebit": 1360,
        "grossIncome": 4785,
        "interestExpense": 416,
        "interestIncomeExpense": -377,
        "minorityInterest": 4,
        "netIncome": 658,
        "netIncomeAfterTaxes": 665,
        "nonRecurringItems": -108,
        "operationsMaintenance": 1383,
        "otherOperatingExpensesTotal": 330,
        "otherRevenue": 141,
        "period": "2017-03-31",
        "pretaxIncome": 980,
        "provisionforIncomeTaxes": 315,
        "purchasedFuelPowerGas": 996,
        "revenue": 5771,
        "totalOperatingExpense": 3425,
        "totalOtherIncomeExpenseNet": 105
      },
      {
        "costOfGoodsSold": 748,
        "depreciationAmortization": 697,
        "dilutedAverageSharesOutstanding": 997,
        "dilutedEPS": 0.2,
        "ebit": 651,
        "grossIncome": 4433,
        "interestExpense": 404,
        "interestIncomeExpense": -373,
        "minorityInterest": 3,
        "netIncome": 197,
        "netIncomeAfterTaxes": 205,
        "nonRecurringItems": -207,
        "operationsMaintenance": 1766,
        "otherOperatingExpensesTotal": 292,
        "otherRevenue": 161,
        "period": "2016-12-31",
        "pretaxIncome": 239,
        "provisionforIncomeTaxes": 34,
        "purchasedFuelPowerGas": 1027,
        "revenue": 5181,
        "totalOperatingExpense": 3782,
        "totalOtherIncomeExpenseNet": 168
      },
      {
        "costOfGoodsSold": 444,
        "depreciationAmortization": 695,
        "dilutedAverageSharesOutstanding": 975,
        "dilutedEPS": 1.17,
        "ebit": 2005,
        "grossIncome": 5820,
        "interestExpense": 365,
        "interestIncomeExpense": -345,
        "minorityInterest": -27,
        "netIncome": 1139,
        "netIncomeAfterTaxes": 1177,
        "nonRecurringItems": -88,
        "operationsMaintenance": 1411,
        "otherOperatingExpensesTotal": 309,
        "otherRevenue": 144,
        "period": "2016-09-30",
        "pretaxIncome": 1616,
        "provisionforIncomeTaxes": 439,
        "purchasedFuelPowerGas": 1400,
        "revenue": 6264,
        "totalOperatingExpense": 3815,
        "totalOtherIncomeExpenseNet": 44
      },
      {
        "costOfGoodsSold": 247,
        "depreciationAmortization": 569,
        "dilutedAverageSharesOutstanding": 940,
        "dilutedEPS": 0.66,
        "ebit": 1266,
        "grossIncome": 4212,
        "interestExpense": 297,
        "interestIncomeExpense": -294,
        "minorityInterest": -12,
        "netIncome": 623,
        "netIncomeAfterTaxes": 647,
        "nonRecurringItems": -81,
        "operationsMaintenance": 1099,
        "otherOperatingExpensesTotal": 255,
        "otherRevenue": 99,
        "period": "2016-06-30",
        "pretaxIncome": 908,
        "provisionforIncomeTaxes": 261,
        "purchasedFuelPowerGas": 1023,
        "revenue": 4459,
        "totalOperatingExpense": 2946,
        "totalOtherIncomeExpenseNet": 17
      },
      {
        "costOfGoodsSold": 184,
        "depreciationAmortization": 541,
        "dilutedAverageSharesOutstanding": 922,
        "dilutedEPS": 0.53,
        "ebit": 993,
        "grossIncome": 3808,
        "interestExpense": 266,
        "interestIncomeExpense": -246,
        "minorityInterest": -1,
        "netIncome": 489,
        "netIncomeAfterTaxes": 501,
        "nonRecurringItems": -53,
        "operationsMaintenance": 1107,
        "otherOperatingExpensesTotal": 256,
        "otherRevenue": 38,
        "period": "2016-03-31",
        "pretaxIncome": 718,
        "provisionforIncomeTaxes": 217,
        "purchasedFuelPowerGas": 911,
        "revenue": 3992,
        "totalOperatingExpense": 2815,
        "totalOtherIncomeExpenseNet": 24
      },
      {
        "costOfGoodsSold": 138,
        "depreciationAmortization": 519,
        "dilutedAverageSharesOutstanding": 917,
        "dilutedEPS": 0.3,
        "ebit": 761,
        "grossIncome": 3430,
        "interestExpense": 228,
        "interestIncomeExpense": -205,
        "minorityInterest": -14,
        "netIncome": 271,
        "netIncomeAfterTaxes": 297,
        "nonRecurringItems": -183,
        "operationsMaintenance": 1096,
        "otherOperatingExpensesTotal": 236,
        "otherRevenue": 13,
        "period": "2015-12-31",
        "pretaxIncome": 415,
        "provisionforIncomeTaxes": 118,
        "purchasedFuelPowerGas": 818,
        "revenue": 3568,
        "totalOperatingExpense": 2669,
        "totalOtherIncomeExpenseNet": 42
      },
      {
        "costOfGoodsSold": 193,
        "depreciationAmortization": 528,
        "dilutedAverageSharesOutstanding": 912,
        "dilutedEPS": 1.05,
        "ebit": 1799,
        "grossIncome": 5208,
        "interestExpense": 233,
        "interestIncomeExpense": -218,
        "netIncome": 959,
        "netIncomeAfterTaxes": 970,
        "nonRecurringItems": -150,
        "operationsMaintenance": 1097,
        "otherOperatingExpensesTotal": 264,
        "otherRevenue": 11,
        "period": "2015-09-30",
        "pretaxIncome": 1470,
        "provisionforIncomeTaxes": 500,
        "purchasedFuelPowerGas": 1520,
        "revenue": 5401,
        "totalOperatingExpense": 3409,
        "totalOtherIncomeExpenseNet": 39
      }
    ],
    "symbol": "SO"
  }
}