{
  "symbol": "VST",
  "statement": "ic",
  "frequency": "quarterly",
  "timestamp": "2025-09-19T14:08:25.719357",
  "data": {
    "financials": [
      {
        "costOfGoodsSold": 122,
        "depreciationAmortization": 541,
        "dilutedAverageSharesOutstanding": 345.5052,
        "dilutedEPS": 0.8104,
        "ebit": 583,
        "grossIncome": 4128,
        "interestExpense": 259,
        "interestIncomeExpense": -281,
        "minorityInterest": 0,
        "netIncome": 280,
        "netIncomeAfterTaxes": 327,
        "nonRecurringItems": -68,
        "operationsMaintenance": 733,
        "otherRevenue": 497,
        "period": "2025-06-30",
        "pretaxIncome": 403,
        "provisionforIncomeTaxes": 76,
        "purchasedFuelPowerGas": 1852,
        "revenue": 4250,
        "sgaExpense": 419,
        "totalOperatingExpense": 3545,
        "totalOtherIncomeExpenseNet": 169
      },
      {
        "costOfGoodsSold": 111,
        "depreciationAmortization": 522,
        "dilutedAverageSharesOutstanding": 339.8,
        "dilutedEPS": -0.9329,
        "ebit": -120,
        "grossIncome": 3822,
        "interestExpense": 254,
        "interestIncomeExpense": -296,
        "minorityInterest": 0,
        "netIncome": -317,
        "netIncomeAfterTaxes": -268,
        "operationsMaintenance": 693,
        "otherRevenue": -317,
        "period": "2025-03-31",
        "pretaxIncome": -444,
        "provisionforIncomeTaxes": -176,
        "purchasedFuelPowerGas": 2336,
        "revenue": 3933,
        "sgaExpense": 391,
        "totalOperatingExpense": 3942,
        "totalOtherIncomeExpenseNet": -28
      },
      {
        "depreciationAmortization": 537,
        "dilutedAverageSharesOutstanding": 348.8504,
        "dilutedEPS": 1.1266,
        "ebit": 599,
        "gainLossOnDispositionOfAssets": 0,
        "interestExpense": 218,
        "interestIncomeExpense": -124,
        "minorityInterest": -49,
        "netIncome": 393,
        "netIncomeAfterTaxes": 490,
        "nonRecurringItems": 0,
        "operationsMaintenance": 672,
        "otherRevenue": 375,
        "period": "2024-12-31",
        "pretaxIncome": 451,
        "provisionforIncomeTaxes": -39,
        "purchasedFuelPowerGas": 1765,
        "revenue": 4037,
        "sgaExpense": 464,
        "totalOperatingExpense": 3438,
        "totalOtherIncomeExpenseNet": -24
      },
      {
        "depreciationAmortization": 466,
        "dilutedAverageSharesOutstanding": 350.204,
        "dilutedEPS": 5.25,
        "ebit": 2588,
        "gainLossOnDispositionOfAssets": 5,
        "interestExpense": 233,
        "interestIncomeExpense": -308,
        "minorityInterest": 51,
        "netIncome": 1840,
        "netIncomeAfterTaxes": 1837,
        "nonRecurringItems": 0,
        "operationsMaintenance": 616,
        "otherRevenue": 1947,
        "period": "2024-09-30",
        "pretaxIncome": 2392,
        "provisionforIncomeTaxes": 555,
        "purchasedFuelPowerGas": 2207,
        "revenue": 6288,
        "sgaExpense": 411,
        "totalOperatingExpense": 3700,
        "totalOtherIncomeExpenseNet": 107
      },
      {
        "depreciationAmortization": 437,
        "dilutedAverageSharesOutstanding": 354.327,
        "dilutedEPS": 0.9,
        "ebit": 808,
        "gainLossOnDispositionOfAssets": 0,
        "interestExpense": 239,
        "interestIncomeExpense": -210,
        "minorityInterest": -102,
        "netIncome": 318,
        "netIncomeAfterTaxes": 467,
        "nonRecurringItems": 0,
        "operationsMaintenance": 628,
        "otherRevenue": 246,
        "period": "2024-06-30",
        "pretaxIncome": 626,
        "provisionforIncomeTaxes": 159,
        "purchasedFuelPowerGas": 1597,
        "revenue": 3845,
        "sgaExpense": 375,
        "totalOperatingExpense": 3037,
        "totalOtherIncomeExpenseNet": 28
      },
      {
        "depreciationAmortization": 403,
        "dilutedAverageSharesOutstanding": 348.966,
        "dilutedEPS": -0.24,
        "ebit": 86,
        "gainLossOnDispositionOfAssets": 1,
        "interestExpense": 203,
        "interestIncomeExpense": -165,
        "minorityInterest": -53,
        "netIncome": -84,
        "netIncomeAfterTaxes": 18,
        "nonRecurringItems": 16,
        "operationsMaintenance": 498,
        "otherRevenue": -105,
        "period": "2024-03-31",
        "pretaxIncome": -2,
        "provisionforIncomeTaxes": -20,
        "purchasedFuelPowerGas": 1716,
        "revenue": 3054,
        "sgaExpense": 351,
        "totalOperatingExpense": 2968,
        "totalOtherIncomeExpenseNet": 60
      },
      {
        "costOfGoodsSold": 0,
        "depreciationAmortization": 393,
        "dilutedAverageSharesOutstanding": 356.115,
        "dilutedEPS": -0.62,
        "ebit": 102,
        "gainLossOnDispositionOfAssets": 0,
        "grossIncome": 3078,
        "interestExpense": 178,
        "interestIncomeExpense": -235,
        "minorityInterest": 0,
        "netIncome": -222,
        "netIncomeAfterTaxes": -184,
        "nonRecurringItems": 32,
        "operationsMaintenance": 425,
        "otherRevenue": 198,
        "period": "2023-12-31",
        "pretaxIncome": -146,
        "provisionforIncomeTaxes": 38,
        "purchasedFuelPowerGas": 1803,
        "revenue": 3078,
        "sgaExpense": 355,
        "totalOperatingExpense": 2976,
        "totalOtherIncomeExpenseNet": -45
      },
      {
        "depreciationAmortization": 375,
        "dilutedAverageSharesOutstanding": 372.149,
        "dilutedEPS": 1.25,
        "ebit": 834,
        "gainLossOnDispositionOfAssets": 1,
        "interestExpense": 161,
        "interestIncomeExpense": -102,
        "minorityInterest": 0,
        "netIncome": 465,
        "netIncomeAfterTaxes": 502,
        "nonRecurringItems": 0,
        "operationsMaintenance": 411,
        "otherRevenue": -703,
        "period": "2023-09-30",
        "pretaxIncome": 671,
        "provisionforIncomeTaxes": 169,
        "purchasedFuelPowerGas": 2109,
        "revenue": 4086,
        "sgaExpense": 357,
        "totalOperatingExpense": 3252,
        "totalOtherIncomeExpenseNet": -62
      },
      {
        "depreciationAmortization": 369,
        "dilutedAverageSharesOutstanding": 376.794,
        "dilutedEPS": 1.17,
        "ebit": 591,
        "gainLossOnDispositionOfAssets": 93,
        "interestExpense": 152,
        "interestIncomeExpense": -77,
        "minorityInterest": 0,
        "netIncome": 439,
        "netIncomeAfterTaxes": 476,
        "nonRecurringItems": 0,
        "operationsMaintenance": 445,
        "otherRevenue": 162,
        "period": "2023-06-30",
        "pretaxIncome": 599,
        "provisionforIncomeTaxes": 123,
        "purchasedFuelPowerGas": 1475,
        "revenue": 3189,
        "sgaExpense": 309,
        "totalOperatingExpense": 2598,
        "totalOtherIncomeExpenseNet": -8
      },
      {
        "costOfGoodsSold": 2,
        "depreciationAmortization": 366,
        "dilutedAverageSharesOutstanding": 387.553,
        "dilutedEPS": 1.71,
        "ebit": 1178,
        "grossIncome": 4423,
        "interestExpense": 152,
        "interestIncomeExpense": -179,
        "minorityInterest": 1,
        "netIncome": 661,
        "netIncomeAfterTaxes": 698,
        "nonRecurringItems": -47,
        "operationsMaintenance": 421,
        "otherRevenue": 1318,
        "period": "2023-03-31",
        "pretaxIncome": 876,
        "provisionforIncomeTaxes": 178,
        "purchasedFuelPowerGas": 2170,
        "revenue": 4425,
        "sgaExpense": 288,
        "totalOperatingExpense": 3245,
        "totalOtherIncomeExpenseNet": -76
      },
      {
        "costOfGoodsSold": 3,
        "depreciationAmortization": 382,
        "dilutedAverageSharesOutstanding": 395.645,
        "dilutedEPS": -0.72,
        "ebit": -27,
        "gainLossOnDispositionOfAssets": 0,
        "grossIncome": 3866,
        "interestExpense": 163,
        "interestIncomeExpense": -160,
        "minorityInterest": 2,
        "netIncome": -284,
        "netIncomeAfterTaxes": -248,
        "nonRecurringItems": -70,
        "operationsMaintenance": 395,
        "otherRevenue": -137,
        "period": "2022-12-31",
        "pretaxIncome": -336,
        "provisionforIncomeTaxes": -88,
        "purchasedFuelPowerGas": 2821,
        "revenue": 3869,
        "sgaExpense": 295,
        "totalOperatingExpense": 3893,
        "totalOtherIncomeExpenseNet": -79
      },
      {
        "depreciationAmortization": 390,
        "dilutedAverageSharesOutstanding": 417.483,
        "dilutedEPS": 1.51,
        "ebit": 894,
        "gainLossOnDispositionOfAssets": 3,
        "interestExpense": 155,
        "interestIncomeExpense": -63,
        "minorityInterest": -10,
        "netIncome": 631,
        "netIncomeAfterTaxes": 678,
        "nonRecurringItems": 1,
        "operationsMaintenance": 400,
        "otherRevenue": 308,
        "period": "2022-09-30",
        "pretaxIncome": 914,
        "provisionforIncomeTaxes": 236,
        "purchasedFuelPowerGas": 3139,
        "revenue": 5146,
        "sgaExpense": 323,
        "totalOperatingExpense": 4252,
        "totalOtherIncomeExpenseNet": 79
      },
      {
        "depreciationAmortization": 394,
        "dilutedAverageSharesOutstanding": 429.193,
        "dilutedEPS": -3.27,
        "ebit": -1683,
        "gainLossOnDispositionOfAssets": 5,
        "interestExpense": 146,
        "interestIncomeExpense": -99,
        "minorityInterest": -8,
        "netIncome": -1402,
        "netIncomeAfterTaxes": -1357,
        "nonRecurringItems": 0,
        "operationsMaintenance": 435,
        "otherRevenue": -1738,
        "period": "2022-06-30",
        "pretaxIncome": -1764,
        "provisionforIncomeTaxes": -407,
        "purchasedFuelPowerGas": 2162,
        "revenue": 1588,
        "sgaExpense": 280,
        "totalOperatingExpense": 3271,
        "totalOtherIncomeExpenseNet": 13
      },
      {
        "depreciationAmortization": 430,
        "dilutedAverageSharesOutstanding": 451.603,
        "dilutedEPS": -0.72,
        "ebit": -288,
        "interestExpense": 126,
        "interestIncomeExpense": 0,
        "minorityInterest": -1,
        "netIncome": -323,
        "netIncomeAfterTaxes": -284,
        "nonRecurringItems": 0,
        "operationsMaintenance": 416,
        "otherRevenue": -336,
        "period": "2022-03-31",
        "pretaxIncome": -375,
        "provisionforIncomeTaxes": -91,
        "purchasedFuelPowerGas": 2279,
        "revenue": 3125,
        "sgaExpense": 288,
        "totalOperatingExpense": 3413,
        "totalOtherIncomeExpenseNet": -87
      },
      {
        "costOfGoodsSold": 5,
        "depreciationAmortization": 398,
        "dilutedAverageSharesOutstanding": 479.408,
        "dilutedEPS": 1.47,
        "ebit": 914,
        "gainLossOnDispositionOfAssets": 7,
        "grossIncome": 3309,
        "interestExpense": 129,
        "interestIncomeExpense": -86,
        "minorityInterest": -4,
        "netIncome": 705,
        "netIncomeAfterTaxes": 730,
        "nonRecurringItems": -29,
        "operationsMaintenance": 386,
        "otherRevenue": 3314,
        "period": "2021-12-31",
        "pretaxIncome": 841,
        "provisionforIncomeTaxes": 111,
        "purchasedFuelPowerGas": 1342,
        "revenue": 3314,
        "sgaExpense": 269,
        "totalOperatingExpense": 2395,
        "totalOtherIncomeExpenseNet": 35
      },
      {
        "depreciationAmortization": 468,
        "dilutedAverageSharesOutstanding": 484.495,
        "dilutedEPS": 0.01,
        "ebit": 119,
        "gainLossOnDispositionOfAssets": 1,
        "interestExpense": 129,
        "interestIncomeExpense": -116,
        "minorityInterest": -3,
        "netIncome": 7,
        "netIncomeAfterTaxes": 10,
        "nonRecurringItems": 0,
        "operationsMaintenance": 372,
        "otherRevenue": 2991,
        "period": "2021-09-30",
        "pretaxIncome": 41,
        "provisionforIncomeTaxes": 31,
        "purchasedFuelPowerGas": 1763,
        "revenue": 2991,
        "sgaExpense": 269,
        "totalOperatingExpense": 2872,
        "totalOtherIncomeExpenseNet": 37
      },
      {
        "depreciationAmortization": 464,
        "dilutedAverageSharesOutstanding": 487.366,
        "dilutedEPS": 0.07,
        "ebit": 100,
        "interestExpense": 117,
        "interestIncomeExpense": -126,
        "minorityInterest": 1,
        "netIncome": 36,
        "netIncomeAfterTaxes": 35,
        "nonRecurringItems": -39,
        "operationsMaintenance": 429,
        "otherRevenue": 2565,
        "period": "2021-06-30",
        "pretaxIncome": -80,
        "provisionforIncomeTaxes": -115,
        "purchasedFuelPowerGas": 1320,
        "revenue": 2565,
        "sgaExpense": 252,
        "totalOperatingExpense": 2465,
        "totalOtherIncomeExpenseNet": -15
      },
      {
        "depreciationAmortization": 423,
        "dilutedAverageSharesOutstanding": 484.699,
        "dilutedEPS": -4.21,
        "ebit": -2583,
        "interestExpense": 109,
        "interestIncomeExpense": -21,
        "minorityInterest": -3,
        "netIncome": -2043,
        "netIncomeAfterTaxes": -2040,
        "nonRecurringItems": 15,
        "operationsMaintenance": 371,
        "otherRevenue": 3207,
        "period": "2021-03-31",
        "pretaxIncome": -2525,
        "provisionforIncomeTaxes": -485,
        "purchasedFuelPowerGas": 4745,
        "revenue": 3207,
        "sgaExpense": 251,
        "totalOperatingExpense": 5790,
        "totalOtherIncomeExpenseNet": 64
      },
      {
        "costOfGoodsSold": 0,
        "depreciationAmortization": 453,
        "dilutedAverageSharesOutstanding": 489.22,
        "dilutedEPS": -0.06,
        "ebit": 76,
        "gainLossOnDispositionOfAssets": 2,
        "grossIncome": 2524,
        "interestExpense": 104,
        "interestIncomeExpense": -77,
        "minorityInterest": -2,
        "netIncome": -29,
        "netIncomeAfterTaxes": -27,
        "nonRecurringItems": 0,
        "operationsMaintenance": 373,
        "otherRevenue": 2524,
        "period": "2020-12-31",
        "pretaxIncome": -44,
        "provisionforIncomeTaxes": -17,
        "purchasedFuelPowerGas": 1342,
        "revenue": 2524,
        "sgaExpense": 280,
        "totalOperatingExpense": 2448,
        "totalOtherIncomeExpenseNet": -45
      },
      {
        "costOfGoodsSold": 12,
        "depreciationAmortization": 410,
        "dilutedAverageSharesOutstanding": 491.026,
        "dilutedEPS": 0.9,
        "ebit": 936,
        "gainLossOnDispositionOfAssets": 6,
        "grossIncome": 3540,
        "interestExpense": 113,
        "interestIncomeExpense": -102,
        "minorityInterest": 1,
        "netIncome": 443,
        "netIncomeAfterTaxes": 442,
        "nonRecurringItems": -254,
        "operationsMaintenance": 457,
        "otherRevenue": 3552,
        "period": "2020-09-30",
        "pretaxIncome": 641,
        "provisionforIncomeTaxes": 199,
        "purchasedFuelPowerGas": 1469,
        "revenue": 3552,
        "sgaExpense": 268,
        "totalOperatingExpense": 2604,
        "totalOtherIncomeExpenseNet": 55
      },
      {
        "costOfGoodsSold": 0,
        "depreciationAmortization": 455,
        "dilutedAverageSharesOutstanding": 490.469,
        "dilutedEPS": 0.34,
        "ebit": 377,
        "grossIncome": 2509,
        "interestExpense": 120,
        "interestIncomeExpense": -136,
        "minorityInterest": 2,
        "netIncome": 166,
        "netIncomeAfterTaxes": 164,
        "nonRecurringItems": 2,
        "operationsMaintenance": 412,
        "otherRevenue": 2509,
        "period": "2020-06-30",
        "pretaxIncome": 232,
        "provisionforIncomeTaxes": 68,
        "purchasedFuelPowerGas": 1029,
        "revenue": 2509,
        "sgaExpense": 236,
        "totalOperatingExpense": 2132,
        "totalOtherIncomeExpenseNet": -11
      },
      {
        "costOfGoodsSold": 7,
        "depreciationAmortization": 419,
        "dilutedAverageSharesOutstanding": 490.639,
        "dilutedEPS": 0.11,
        "ebit": 468,
        "grossIncome": 2851,
        "interestExpense": 129,
        "interestIncomeExpense": -299,
        "minorityInterest": 11,
        "netIncome": 56,
        "netIncomeAfterTaxes": 45,
        "nonRecurringItems": -97,
        "operationsMaintenance": 379,
        "otherRevenue": 2858,
        "period": "2020-03-31",
        "pretaxIncome": 62,
        "provisionforIncomeTaxes": 17,
        "purchasedFuelPowerGas": 1333,
        "revenue": 2858,
        "sgaExpense": 252,
        "totalOperatingExpense": 2383,
        "totalOtherIncomeExpenseNet": -10
      },
      {
        "depreciationAmortization": 427,
        "dilutedAverageSharesOutstanding": 529.062,
        "dilutedEPS": 0.44,
        "ebit": 334,
        "gainLossOnDispositionOfAssets": 0,
        "interestExpense": 135,
        "interestIncomeExpense": -76,
        "minorityInterest": 0,
        "netIncome": 234,
        "netIncomeAfterTaxes": 234,
        "nonRecurringItems": 9,
        "operationsMaintenance": 377,
        "otherRevenue": 2860,
        "period": "2019-12-31",
        "pretaxIncome": 254,
        "provisionforIncomeTaxes": 20,
        "purchasedFuelPowerGas": 1455,
        "revenue": 2860,
        "sgaExpense": 267,
        "totalOperatingExpense": 2526,
        "totalOtherIncomeExpenseNet": -13
      },
      {
        "depreciationAmortization": 424,
        "dilutedAverageSharesOutstanding": 493.67,
        "dilutedEPS": 0.23,
        "ebit": 440,
        "gainLossOnDispositionOfAssets": 0,
        "interestExpense": 142,
        "interestIncomeExpense": -213,
        "minorityInterest": -1,
        "netIncome": 113,
        "netIncomeAfterTaxes": 114,
        "nonRecurringItems": -1,
        "operationsMaintenance": 397,
        "otherRevenue": 3194,
        "period": "2019-09-30",
        "pretaxIncome": 159,
        "provisionforIncomeTaxes": 45,
        "purchasedFuelPowerGas": 1687,
        "revenue": 3194,
        "sgaExpense": 246,
        "totalOperatingExpense": 2754,
        "totalOtherIncomeExpenseNet": -67
      },
      {
        "depreciationAmortization": 384,
        "dilutedAverageSharesOutstanding": 507.5,
        "dilutedEPS": 0.7,
        "ebit": 729,
        "gainLossOnDispositionOfAssets": 0,
        "interestExpense": 151,
        "interestIncomeExpense": -264,
        "minorityInterest": 2,
        "netIncome": 356,
        "netIncomeAfterTaxes": 354,
        "nonRecurringItems": 3,
        "operationsMaintenance": 370,
        "otherRevenue": 2832,
        "period": "2019-06-30",
        "pretaxIncome": 502,
        "provisionforIncomeTaxes": 148,
        "purchasedFuelPowerGas": 1139,
        "revenue": 2832,
        "sgaExpense": 210,
        "totalOperatingExpense": 2103,
        "totalOtherIncomeExpenseNet": 34
      },
      {
        "depreciationAmortization": 405,
        "dilutedAverageSharesOutstanding": 509.14,
        "dilutedEPS": 0.44,
        "ebit": 490,
        "gainLossOnDispositionOfAssets": 0,
        "interestExpense": 147,
        "interestIncomeExpense": -214,
        "minorityInterest": 1,
        "netIncome": 225,
        "netIncomeAfterTaxes": 224,
        "nonRecurringItems": 7,
        "operationsMaintenance": 385,
        "otherRevenue": 2923,
        "period": "2019-03-31",
        "pretaxIncome": 301,
        "provisionforIncomeTaxes": 77,
        "purchasedFuelPowerGas": 1461,
        "revenue": 2923,
        "sgaExpense": 182,
        "totalOperatingExpense": 2433,
        "totalOtherIncomeExpenseNet": 18
      },
      {
        "depreciationAmortization": 427,
        "dilutedAverageSharesOutstanding": 517.473,
        "dilutedEPS": -0.36,
        "ebit": 6,
        "gainLossOnDispositionOfAssets": 2,
        "interestExpense": 155,
        "interestIncomeExpense": -273,
        "minorityInterest": 0,
        "netIncome": -186,
        "netIncomeAfterTaxes": -186,
        "nonRecurringItems": 4,
        "operationsMaintenance": 371,
        "otherRevenue": 2563,
        "period": "2018-12-31",
        "pretaxIncome": -262,
        "provisionforIncomeTaxes": -76,
        "purchasedFuelPowerGas": 1544,
        "revenue": 2563,
        "sgaExpense": 215,
        "totalOperatingExpense": 2557,
        "totalOtherIncomeExpenseNet": -1
      },
      {
        "depreciationAmortization": 426,
        "dilutedAverageSharesOutstanding": 540.973,
        "dilutedEPS": 0.61,
        "ebit": 650,
        "gainLossOnDispositionOfAssets": 0,
        "interestExpense": 161,
        "interestIncomeExpense": -113,
        "minorityInterest": -1,
        "netIncome": 330,
        "netIncomeAfterTaxes": 331,
        "nonRecurringItems": -27,
        "operationsMaintenance": 346,
        "otherRevenue": 3243,
        "period": "2018-09-30",
        "pretaxIncome": 525,
        "provisionforIncomeTaxes": 194,
        "purchasedFuelPowerGas": 1627,
        "revenue": 3243,
        "sgaExpense": 194,
        "totalOperatingExpense": 2593,
        "totalOtherIncomeExpenseNet": 15
      },
      {
        "depreciationAmortization": 389,
        "dilutedAverageSharesOutstanding": 533.787,
        "dilutedEPS": 0.2,
        "ebit": 231,
        "gainLossOnDispositionOfAssets": 0,
        "interestExpense": 165,
        "interestIncomeExpense": -132,
        "minorityInterest": 3,
        "netIncome": 108,
        "netIncomeAfterTaxes": 105,
        "nonRecurringItems": 0,
        "operationsMaintenance": 386,
        "otherRevenue": 2574,
        "period": "2018-06-30",
        "pretaxIncome": 31,
        "provisionforIncomeTaxes": -74,
        "purchasedFuelPowerGas": 1216,
        "revenue": 2574,
        "sgaExpense": 352,
        "totalOperatingExpense": 2343,
        "totalOtherIncomeExpenseNet": -68
      },
      {
        "depreciationAmortization": 153,
        "dilutedAverageSharesOutstanding": 428.45,
        "dilutedEPS": -0.71,
        "ebit": -394,
        "gainLossOnDispositionOfAssets": 1,
        "interestExpense": 47,
        "interestIncomeExpense": 18,
        "netIncome": -306,
        "netIncomeAfterTaxes": -306,
        "nonRecurringItems": 0,
        "operationsMaintenance": 194,
        "otherRevenue": 765,
        "period": "2018-03-31",
        "pretaxIncome": -395,
        "provisionforIncomeTaxes": -89,
        "purchasedFuelPowerGas": 650,
        "revenue": 765,
        "sgaExpense": 162,
        "totalOperatingExpense": 1159,
        "totalOtherIncomeExpenseNet": -20
      },
      {
        "depreciationAmortization": 180,
        "dilutedAverageSharesOutstanding": 428.284,
        "dilutedEPS": -1.35,
        "ebit": -435,
        "gainLossOnDispositionOfAssets": 0,
        "interestExpense": 54,
        "interestIncomeExpense": -17,
        "netIncome": -579,
        "netIncomeAfterTaxes": -128,
        "nonRecurringItems": -25,
        "operationsMaintenance": 347,
        "otherRevenue": 943,
        "period": "2017-12-31",
        "pretaxIncome": -359,
        "provisionforIncomeTaxes": -231,
        "purchasedFuelPowerGas": 685,
        "revenue": 943,
        "sgaExpense": 166,
        "totalOperatingExpense": 1378,
        "totalOtherIncomeExpenseNet": 118
      },
      {
        "depreciationAmortization": 178,
        "dilutedAverageSharesOutstanding": 428.312,
        "dilutedEPS": 0.64,
        "ebit": 452,
        "gainLossOnDispositionOfAssets": 1,
        "interestExpense": 51,
        "interestIncomeExpense": -44,
        "netIncome": 273,
        "netIncomeAfterTaxes": 273,
        "nonRecurringItems": -21,
        "operationsMaintenance": 218,
        "otherRevenue": 1833,
        "period": "2017-09-30",
        "pretaxIncome": 524,
        "provisionforIncomeTaxes": 251,
        "purchasedFuelPowerGas": 838,
        "revenue": 1833,
        "sgaExpense": 147,
        "totalOperatingExpense": 1381,
        "totalOtherIncomeExpenseNet": 136
      },
      {
        "depreciationAmortization": 172,
        "dilutedAverageSharesOutstanding": 427.587,
        "dilutedEPS": -0.06,
        "ebit": 53,
        "gainLossOnDispositionOfAssets": 1,
        "interestExpense": 51,
        "interestIncomeExpense": -62,
        "netIncome": -26,
        "netIncomeAfterTaxes": -26,
        "nonRecurringItems": -2,
        "operationsMaintenance": 195,
        "otherRevenue": 1296,
        "period": "2017-06-30",
        "pretaxIncome": -34,
        "provisionforIncomeTaxes": -8,
        "purchasedFuelPowerGas": 729,
        "revenue": 1296,
        "sgaExpense": 147,
        "totalOperatingExpense": 1243,
        "totalOtherIncomeExpenseNet": -24
      },
      {
        "depreciationAmortization": 170,
        "dilutedAverageSharesOutstanding": 427.8,
        "dilutedEPS": 0.18,
        "ebit": 155,
        "gainLossOnDispositionOfAssets": 2,
        "interestExpense": 51,
        "interestIncomeExpense": -41,
        "netIncome": 78,
        "netIncomeAfterTaxes": 78,
        "nonRecurringItems": 21,
        "operationsMaintenance": 214,
        "otherRevenue": 1357,
        "period": "2017-03-31",
        "pretaxIncome": 119,
        "provisionforIncomeTaxes": 41,
        "purchasedFuelPowerGas": 683,
        "revenue": 1357,
        "sgaExpense": 135,
        "totalOperatingExpense": 1202,
        "totalOtherIncomeExpenseNet": -18
      },
      {
        "depreciationAmortization": 216,
        "dilutedAverageSharesOutstanding": 427.587,
        "dilutedEPS": 54.59,
        "ebit": -161,
        "gainLossOnDispositionOfAssets": -2,
        "interestExpense": 47,
        "interestIncomeExpense": -57,
        "netIncome": 23344,
        "netIncomeAfterTaxes": 23344,
        "nonRecurringItems": 22237,
        "operationsMaintenance": 208,
        "otherRevenue": 1191,
        "period": "2016-12-31",
        "pretaxIncome": 22004,
        "provisionforIncomeTaxes": -1340,
        "purchasedFuelPowerGas": 720,
        "revenue": 1191,
        "sgaExpense": 208,
        "totalOperatingExpense": 1352,
        "totalOtherIncomeExpenseNet": -13
      },
      {
        "depreciationAmortization": 157,
        "dilutedAverageSharesOutstanding": 427.587,
        "dilutedEPS": 0.44,
        "ebit": 304,
        "gainLossOnDispositionOfAssets": 2,
        "interestExpense": 371,
        "interestIncomeExpense": -33,
        "netIncome": 187,
        "netIncomeAfterTaxes": 187,
        "nonRecurringItems": -68,
        "operationsMaintenance": 190,
        "otherRevenue": 1690,
        "period": "2016-09-30",
        "pretaxIncome": 184,
        "provisionforIncomeTaxes": -3,
        "purchasedFuelPowerGas": 874,
        "revenue": 1690,
        "sgaExpense": 165,
        "totalOperatingExpense": 1386,
        "totalOtherIncomeExpenseNet": -21
      },
      {
        "depreciationAmortization": 164,
        "dilutedAverageSharesOutstanding": 427.587,
        "dilutedEPS": -1.17,
        "ebit": 6,
        "gainLossOnDispositionOfAssets": 0,
        "interestExpense": 343,
        "interestIncomeExpense": -460,
        "netIncome": -499,
        "netIncomeAfterTaxes": -499,
        "nonRecurringItems": -51,
        "operationsMaintenance": 255,
        "otherRevenue": 1233,
        "period": "2016-06-30",
        "pretaxIncome": -500,
        "provisionforIncomeTaxes": -1,
        "purchasedFuelPowerGas": 654,
        "revenue": 1233,
        "sgaExpense": 154,
        "totalOperatingExpense": 1227,
        "totalOtherIncomeExpenseNet": 5
      },
      {
        "depreciationAmortization": 139,
        "dilutedAverageSharesOutstanding": 427.587,
        "dilutedEPS": -0.8,
        "ebit": -25,
        "gainLossOnDispositionOfAssets": 0,
        "interestExpense": 335,
        "interestIncomeExpense": -270,
        "netIncome": -343,
        "netIncomeAfterTaxes": -343,
        "nonRecurringItems": -42,
        "operationsMaintenance": 219,
        "otherRevenue": 1049,
        "period": "2016-03-31",
        "pretaxIncome": -337,
        "provisionforIncomeTaxes": 6,
        "purchasedFuelPowerGas": 554,
        "revenue": 1049,
        "sgaExpense": 162,
        "totalOperatingExpense": 1074,
        "totalOtherIncomeExpenseNet": 0
      },
      {
        "depreciationAmortization": 218,
        "dilutedAverageSharesOutstanding": 427.587,
        "dilutedEPS": -3.77,
        "ebit": -132,
        "gainLossOnDispositionOfAssets": -6,
        "interestExpense": 325,
        "interestIncomeExpense": -217,
        "netIncome": -1610,
        "netIncomeAfterTaxes": -1610,
        "nonRecurringItems": -1319,
        "operationsMaintenance": 236,
        "otherRevenue": 1105,
        "period": "2015-12-31",
        "pretaxIncome": -1673,
        "provisionforIncomeTaxes": -63,
        "purchasedFuelPowerGas": 602,
        "revenue": 1105,
        "sgaExpense": 181,
        "totalOperatingExpense": 1237,
        "totalOtherIncomeExpenseNet": 1
      },
      {
        "depreciationAmortization": 200,
        "dilutedAverageSharesOutstanding": 427.587,
        "dilutedEPS": -3.55,
        "ebit": 344,
        "gainLossOnDispositionOfAssets": 0,
        "interestExpense": 325,
        "interestIncomeExpense": -222,
        "netIncome": -1517,
        "netIncomeAfterTaxes": -1517,
        "nonRecurringItems": -2057,
        "operationsMaintenance": 189,
        "otherRevenue": 1737,
        "period": "2015-09-30",
        "pretaxIncome": -1933,
        "provisionforIncomeTaxes": -416,
        "purchasedFuelPowerGas": 831,
        "revenue": 1737,
        "sgaExpense": 173,
        "totalOperatingExpense": 1393,
        "totalOtherIncomeExpenseNet": 2
      }
    ],
    "symbol": "VST"
  }
}