{
  "symbol": "MDLZ",
  "statement": "ic",
  "frequency": "annual",
  "timestamp": "2025-09-19T14:04:13.705758",
  "data": {
    "financials": [
      {
        "costOfGoodsSold": 22184,
        "depreciationAmortization": 153,
        "dilutedAverageSharesOutstanding": 1347,
        "dilutedEPS": 3.4232,
        "ebit": 6696,
        "equityEarningsAffiliates": -169,
        "grossIncome": 14257,
        "interestExpense": 508,
        "interestIncomeExpense": -508,
        "minorityInterest": -12,
        "netIncome": 4611,
        "netIncomeAfterTaxes": 4792,
        "nonRecurringItems": -351,
        "period": "2024-12-31",
        "pretaxIncome": 6261,
        "provisionforIncomeTaxes": 1469,
        "researchDevelopment": 400,
        "revenue": 36441,
        "sgaExpense": 7008,
        "totalOperatingExpense": 7561,
        "totalOtherIncomeExpenseNet": 424,
        "year": 2024
      },
      {
        "costOfGoodsSold": 22252,
        "depreciationAmortization": 151,
        "dilutedAverageSharesOutstanding": 1370,
        "dilutedEPS": 3.6197,
        "ebit": 5709,
        "equityEarningsAffiliates": 625,
        "grossIncome": 13764,
        "interestExpense": 550,
        "interestIncomeExpense": 56,
        "minorityInterest": -9,
        "netIncome": 4959,
        "netIncomeAfterTaxes": 4343,
        "nonRecurringItems": -208,
        "period": "2023-12-31",
        "pretaxIncome": 5880,
        "provisionforIncomeTaxes": 1537,
        "researchDevelopment": 380,
        "revenue": 36016,
        "sgaExpense": 7524,
        "totalOperatingExpense": 8055,
        "totalOtherIncomeExpenseNet": 323,
        "year": 2023
      },
      {
        "costOfGoodsSold": 20184,
        "depreciationAmortization": 132,
        "dilutedAverageSharesOutstanding": 1385,
        "dilutedEPS": 1.96,
        "ebit": 3836,
        "equityEarningsAffiliates": 363,
        "grossIncome": 11312,
        "interestExpense": 428,
        "interestIncomeExpense": -428,
        "minorityInterest": -9,
        "netIncome": 2717,
        "netIncomeAfterTaxes": 2363,
        "nonRecurringItems": -431,
        "period": "2022-12-31",
        "pretaxIncome": 3228,
        "provisionforIncomeTaxes": 865,
        "researchDevelopment": 346,
        "revenue": 31496,
        "sgaExpense": 6998,
        "totalOperatingExpense": 7476,
        "totalOtherIncomeExpenseNet": 251,
        "year": 2022
      },
      {
        "costOfGoodsSold": 17466,
        "depreciationAmortization": 134,
        "dilutedAverageSharesOutstanding": 1413,
        "dilutedEPS": 3.04,
        "ebit": 4870,
        "equityEarningsAffiliates": 1135,
        "grossIncome": 11254,
        "interestExpense": 365,
        "interestIncomeExpense": -365,
        "minorityInterest": -14,
        "netIncome": 4300,
        "netIncomeAfterTaxes": 3179,
        "nonRecurringItems": -354,
        "period": "2021-12-31",
        "pretaxIncome": 4369,
        "provisionforIncomeTaxes": 1190,
        "researchDevelopment": 347,
        "revenue": 28720,
        "sgaExpense": 5903,
        "totalOperatingExpense": 6384,
        "totalOtherIncomeExpenseNet": 218,
        "year": 2021
      },
      {
        "costOfGoodsSold": 16135,
        "depreciationAmortization": 194,
        "dilutedAverageSharesOutstanding": 1441,
        "dilutedEPS": 2.47,
        "ebit": 4163,
        "equityEarningsAffiliates": 1410,
        "grossIncome": 10446,
        "interestExpense": 423,
        "interestIncomeExpense": -526,
        "minorityInterest": -14,
        "netIncome": 3555,
        "netIncomeAfterTaxes": 2159,
        "nonRecurringItems": -495,
        "period": "2020-12-31",
        "pretaxIncome": 3383,
        "provisionforIncomeTaxes": 1224,
        "researchDevelopment": 332,
        "revenue": 26581,
        "sgaExpense": 5757,
        "totalOperatingExpense": 6283,
        "totalOtherIncomeExpenseNet": 241,
        "year": 2020
      },
      {
        "costOfGoodsSold": 15531,
        "depreciationAmortization": 174,
        "dilutedAverageSharesOutstanding": 1458,
        "dilutedEPS": 2.7,
        "ebit": 4295,
        "equityEarningsAffiliates": 499,
        "grossIncome": 10337,
        "interestExpense": 484,
        "interestIncomeExpense": -595,
        "minorityInterest": -15,
        "netIncome": 3929,
        "netIncomeAfterTaxes": 3450,
        "nonRecurringItems": -452,
        "period": "2019-12-31",
        "pretaxIncome": 3447,
        "provisionforIncomeTaxes": -3,
        "researchDevelopment": 351,
        "revenue": 25868,
        "sgaExpense": 5517,
        "totalOperatingExpense": 6042,
        "totalOtherIncomeExpenseNet": 199,
        "year": 2019
      },
      {
        "costOfGoodsSold": 15586,
        "depreciationAmortization": 176,
        "dilutedAverageSharesOutstanding": 1486,
        "dilutedEPS": 2.24,
        "ebit": 4027,
        "equityEarningsAffiliates": 1262,
        "grossIncome": 10352,
        "interestExpense": 462,
        "interestIncomeExpense": -452,
        "minorityInterest": -14,
        "netIncome": 3317,
        "netIncomeAfterTaxes": 2088,
        "nonRecurringItems": -855,
        "period": "2018-12-31",
        "pretaxIncome": 2842,
        "provisionforIncomeTaxes": 754,
        "researchDevelopment": 362,
        "revenue": 25938,
        "sgaExpense": 5787,
        "totalOperatingExpense": 6325,
        "totalOtherIncomeExpenseNet": 122,
        "year": 2018
      },
      {
        "costOfGoodsSold": 15862,
        "depreciationAmortization": 178,
        "dilutedAverageSharesOutstanding": 1531,
        "dilutedEPS": 1.84,
        "ebit": 4183,
        "equityEarningsAffiliates": 384,
        "grossIncome": 10034,
        "interestExpense": 396,
        "interestIncomeExpense": -388,
        "minorityInterest": -14,
        "netIncome": 2828,
        "netIncomeAfterTaxes": 2414,
        "nonRecurringItems": -729,
        "otherOperatingExpensesTotal": -2,
        "period": "2017-12-31",
        "pretaxIncome": 3124,
        "provisionforIncomeTaxes": 710,
        "researchDevelopment": 366,
        "revenue": 25896,
        "sgaExpense": 5309,
        "totalOperatingExpense": 5851,
        "totalOtherIncomeExpenseNet": 58,
        "year": 2017
      },
      {
        "costOfGoodsSold": 15819,
        "depreciationAmortization": 176,
        "dilutedAverageSharesOutstanding": 1573,
        "dilutedEPS": 1.04,
        "ebit": 3782,
        "equityEarningsAffiliates": 305,
        "grossIncome": 10104,
        "interestExpense": 515,
        "interestIncomeExpense": -587,
        "minorityInterest": -10,
        "netIncome": 1635,
        "netIncomeAfterTaxes": 1340,
        "nonRecurringItems": -1648,
        "otherOperatingExpensesTotal": -14,
        "period": "2016-12-31",
        "pretaxIncome": 1454,
        "provisionforIncomeTaxes": 114,
        "researchDevelopment": 376,
        "revenue": 25923,
        "sgaExpense": 5784,
        "totalOperatingExpense": 6322,
        "totalOtherIncomeExpenseNet": -93,
        "year": 2016
      },
      {
        "costOfGoodsSold": 18124,
        "depreciationAmortization": 181,
        "dilutedAverageSharesOutstanding": 1637,
        "dilutedEPS": 4.44,
        "ebit": 3782,
        "grossIncome": 11512,
        "interestIncomeExpense": -1025,
        "minorityInterest": -24,
        "netIncome": 7267,
        "netIncomeAfterTaxes": 7291,
        "nonRecurringItems": 5127,
        "period": "2015-12-31",
        "pretaxIncome": 7884,
        "provisionforIncomeTaxes": 593,
        "researchDevelopment": 409,
        "revenue": 29636,
        "sgaExpense": 7140,
        "totalOperatingExpense": 7730,
        "year": 2015
      }
    ],
    "symbol": "MDLZ"
  }
}