{
  "symbol": "CMI",
  "statement": "ic",
  "frequency": "annual",
  "timestamp": "2025-09-19T13:58:45.347065",
  "data": {
    "financials": [
      {
        "costOfGoodsSold": 25551,
        "depreciationAmortization": 129,
        "dilutedAverageSharesOutstanding": 139.1,
        "dilutedEPS": 28.3681,
        "ebit": 3677,
        "grossIncome": 8551,
        "interestExpense": 370,
        "interestIncomeExpense": 96,
        "minorityInterest": -122,
        "netIncome": 3946,
        "netIncomeAfterTaxes": 4068,
        "nonRecurringItems": 994,
        "otherOperatingExpensesTotal": 19,
        "period": "2024-12-31",
        "pretaxIncome": 4903,
        "provisionforIncomeTaxes": 835,
        "researchDevelopment": 1461,
        "revenue": 34102,
        "sgaExpense": 3265,
        "totalOperatingExpense": 4874,
        "totalOtherIncomeExpenseNet": 136,
        "year": 2024
      },
      {
        "costOfGoodsSold": 25816,
        "depreciationAmortization": 133,
        "dilutedAverageSharesOutstanding": 142.7,
        "dilutedEPS": 5.15,
        "ebit": 3323,
        "grossIncome": 8249,
        "interestExpense": 375,
        "interestIncomeExpense": 188,
        "minorityInterest": -105,
        "netIncome": 735,
        "netIncomeAfterTaxes": 840,
        "nonRecurringItems": -2045,
        "otherOperatingExpensesTotal": -40,
        "period": "2023-12-31",
        "pretaxIncome": 1626,
        "provisionforIncomeTaxes": 786,
        "researchDevelopment": 1500,
        "revenue": 34065,
        "sgaExpense": 3333,
        "totalOperatingExpense": 4926,
        "totalOtherIncomeExpenseNet": 160,
        "year": 2023
      },
      {
        "costOfGoodsSold": 21338,
        "depreciationAmortization": 70,
        "dilutedAverageSharesOutstanding": 142.3,
        "dilutedEPS": 15.12,
        "ebit": 2702,
        "grossIncome": 6736,
        "interestExpense": 199,
        "interestIncomeExpense": 153,
        "minorityInterest": -32,
        "netIncome": 2151,
        "netIncomeAfterTaxes": 2183,
        "nonRecurringItems": -91,
        "otherOperatingExpensesTotal": -1,
        "period": "2022-12-31",
        "pretaxIncome": 2819,
        "provisionforIncomeTaxes": 636,
        "researchDevelopment": 1278,
        "revenue": 28074,
        "sgaExpense": 2687,
        "totalOperatingExpense": 4034,
        "totalOtherIncomeExpenseNet": 55,
        "year": 2022
      },
      {
        "costOfGoodsSold": 18326,
        "depreciationAmortization": 22,
        "dilutedAverageSharesOutstanding": 145.9,
        "dilutedEPS": 14.61,
        "ebit": 2214,
        "gainLossOnDispositionOfAssets": 18,
        "grossIncome": 5695,
        "interestExpense": 111,
        "interestIncomeExpense": 428,
        "minorityInterest": -33,
        "netIncome": 2131,
        "netIncomeAfterTaxes": 2164,
        "nonRecurringItems": -14,
        "otherOperatingExpensesTotal": -5,
        "period": "2021-12-31",
        "pretaxIncome": 2751,
        "provisionforIncomeTaxes": 587,
        "researchDevelopment": 1090,
        "revenue": 24021,
        "sgaExpense": 2374,
        "totalOperatingExpense": 3481,
        "totalOtherIncomeExpenseNet": 105,
        "year": 2021
      },
      {
        "costOfGoodsSold": 14917,
        "depreciationAmortization": 22,
        "dilutedAverageSharesOutstanding": 149,
        "dilutedEPS": 12.01,
        "ebit": 1847,
        "grossIncome": 4894,
        "interestExpense": 100,
        "interestIncomeExpense": 386,
        "minorityInterest": -22,
        "netIncome": 1789,
        "netIncomeAfterTaxes": 1811,
        "nonRecurringItems": -30,
        "otherOperatingExpensesTotal": -6,
        "period": "2020-12-31",
        "pretaxIncome": 2338,
        "provisionforIncomeTaxes": 527,
        "researchDevelopment": 906,
        "revenue": 19811,
        "sgaExpense": 2125,
        "totalOperatingExpense": 3047,
        "totalOtherIncomeExpenseNet": 135,
        "year": 2020
      },
      {
        "costOfGoodsSold": 17591,
        "depreciationAmortization": 689,
        "dilutedAverageSharesOutstanding": 156.1,
        "dilutedEPS": 14.48,
        "ebit": 2513,
        "grossIncome": 5980,
        "interestExpense": 111,
        "interestIncomeExpense": 306,
        "minorityInterest": -8,
        "netIncome": 2260,
        "netIncomeAfterTaxes": 2268,
        "nonRecurringItems": -143,
        "otherOperatingExpensesTotal": -8,
        "period": "2019-12-31",
        "pretaxIncome": 2834,
        "provisionforIncomeTaxes": 566,
        "researchDevelopment": 332,
        "revenue": 23571,
        "sgaExpense": 2454,
        "totalOperatingExpense": 3467,
        "totalOtherIncomeExpenseNet": 158,
        "year": 2019
      },
      {
        "costOfGoodsSold": 18034,
        "depreciationAmortization": 629,
        "dilutedAverageSharesOutstanding": 162.773,
        "dilutedEPS": 13.15,
        "ebit": 2409,
        "grossIncome": 5737,
        "interestExpense": 113,
        "interestIncomeExpense": 284,
        "minorityInterest": -46,
        "netIncome": 2141,
        "netIncomeAfterTaxes": 2199,
        "nonRecurringItems": -17,
        "otherOperatingExpensesTotal": -31,
        "period": "2018-12-31",
        "pretaxIncome": 2753,
        "provisionforIncomeTaxes": 554,
        "researchDevelopment": 293,
        "revenue": 23771,
        "sgaExpense": 2437,
        "totalOperatingExpense": 3328,
        "totalOtherIncomeExpenseNet": 77,
        "year": 2018
      },
      {
        "costOfGoodsSold": 15328,
        "depreciationAmortization": 12,
        "dilutedAverageSharesOutstanding": 167.271,
        "dilutedEPS": 5.97,
        "ebit": 1966,
        "grossIncome": 5100,
        "interestExpense": 82,
        "interestIncomeExpense": 293,
        "minorityInterest": 5,
        "netIncome": 999,
        "netIncomeAfterTaxes": 1775,
        "nonRecurringItems": 11,
        "otherOperatingExpensesTotal": -61,
        "period": "2017-12-31",
        "pretaxIncome": 2365,
        "provisionforIncomeTaxes": 590,
        "researchDevelopment": 754,
        "revenue": 20428,
        "sgaExpense": 2429,
        "totalOperatingExpense": 3134,
        "totalOtherIncomeExpenseNet": 95,
        "year": 2017
      },
      {
        "costOfGoodsSold": 13051,
        "depreciationAmortization": 9,
        "dilutedAverageSharesOutstanding": 169.337,
        "dilutedEPS": 8.23,
        "ebit": 1733,
        "grossIncome": 4458,
        "interestExpense": 73,
        "interestIncomeExpense": 280,
        "minorityInterest": -62,
        "netIncome": 1394,
        "netIncomeAfterTaxes": 1456,
        "nonRecurringItems": -154,
        "otherOperatingExpensesTotal": -20,
        "period": "2016-12-31",
        "pretaxIncome": 1930,
        "provisionforIncomeTaxes": 474,
        "researchDevelopment": 637,
        "revenue": 17509,
        "sgaExpense": 2099,
        "totalOperatingExpense": 2725,
        "totalOtherIncomeExpenseNet": 71,
        "year": 2016
      },
      {
        "costOfGoodsSold": 14163,
        "depreciationAmortization": 18,
        "dilutedAverageSharesOutstanding": 178.407,
        "dilutedEPS": 7.84,
        "ebit": 2118,
        "grossIncome": 4947,
        "interestExpense": 69,
        "interestIncomeExpense": 278,
        "minorityInterest": -71,
        "netIncome": 1399,
        "netIncomeAfterTaxes": 1470,
        "nonRecurringItems": -376,
        "otherOperatingExpensesTotal": -16,
        "period": "2015-12-31",
        "pretaxIncome": 2025,
        "provisionforIncomeTaxes": 555,
        "researchDevelopment": 735,
        "revenue": 19110,
        "sgaExpense": 2092,
        "totalOperatingExpense": 2829,
        "totalOtherIncomeExpenseNet": 5,
        "year": 2015
      }
    ],
    "symbol": "CMI"
  }
}