{
  "symbol": "LNT",
  "statement": "ic",
  "frequency": "annual",
  "timestamp": "2025-09-19T13:55:34.471030",
  "data": {
    "financials": [
      {
        "costOfGoodsSold": 224,
        "depreciationAmortization": 772,
        "dilutedAverageSharesOutstanding": 257,
        "dilutedEPS": 2.69,
        "ebit": 946,
        "grossIncome": 3757,
        "interestExpense": 374,
        "interestIncomeExpense": -313,
        "netIncome": 690,
        "netIncomeAfterTaxes": 690,
        "nonRecurringItems": -60,
        "operationsMaintenance": 1289,
        "otherOperatingExpensesTotal": 122,
        "otherRevenue": 144,
        "period": "2024-12-31",
        "pretaxIncome": 576,
        "provisionforIncomeTaxes": -114,
        "purchasedFuelPowerGas": 628,
        "revenue": 3981,
        "totalOperatingExpense": 2811,
        "totalOtherIncomeExpenseNet": 3,
        "year": 2024
      },
      {
        "costOfGoodsSold": 299,
        "depreciationAmortization": 676,
        "dilutedAverageSharesOutstanding": 253,
        "dilutedEPS": 2.78,
        "ebit": 943,
        "grossIncome": 3728,
        "interestExpense": 294,
        "interestIncomeExpense": -233,
        "netIncome": 703,
        "netIncomeAfterTaxes": 703,
        "operationsMaintenance": 1258,
        "otherOperatingExpensesTotal": 115,
        "otherRevenue": 142,
        "period": "2023-12-31",
        "pretaxIncome": 707,
        "provisionforIncomeTaxes": 4,
        "purchasedFuelPowerGas": 736,
        "revenue": 4027,
        "totalOperatingExpense": 2785,
        "totalOtherIncomeExpenseNet": -3,
        "year": 2023
      },
      {
        "costOfGoodsSold": 389,
        "depreciationAmortization": 671,
        "dilutedAverageSharesOutstanding": 251.2,
        "dilutedEPS": 2.73,
        "ebit": 928,
        "grossIncome": 3816,
        "interestExpense": 265,
        "interestIncomeExpense": -214,
        "netIncome": 686,
        "netIncomeAfterTaxes": 686,
        "operationsMaintenance": 1277,
        "otherOperatingExpensesTotal": 110,
        "otherRevenue": 142,
        "period": "2022-12-31",
        "pretaxIncome": 708,
        "provisionforIncomeTaxes": 22,
        "purchasedFuelPowerGas": 830,
        "revenue": 4205,
        "totalOperatingExpense": 2888,
        "totalOtherIncomeExpenseNet": -6,
        "year": 2022
      },
      {
        "costOfGoodsSold": 258,
        "depreciationAmortization": 657,
        "dilutedAverageSharesOutstanding": 250.7,
        "dilutedEPS": 2.63,
        "ebit": 795,
        "grossIncome": 3411,
        "interestExpense": 252,
        "interestIncomeExpense": -190,
        "netIncome": 659,
        "netIncomeAfterTaxes": 674,
        "operationsMaintenance": 1213,
        "otherOperatingExpensesTotal": 104,
        "otherRevenue": 132,
        "period": "2021-12-31",
        "pretaxIncome": 600,
        "provisionforIncomeTaxes": -74,
        "purchasedFuelPowerGas": 642,
        "revenue": 3669,
        "totalOperatingExpense": 2616,
        "totalOtherIncomeExpenseNet": -5,
        "year": 2021
      },
      {
        "costOfGoodsSold": 182,
        "depreciationAmortization": 615,
        "dilutedAverageSharesOutstanding": 248.7,
        "dilutedEPS": 2.47,
        "ebit": 740,
        "grossIncome": 3234,
        "interestExpense": 220,
        "interestIncomeExpense": -159,
        "netIncome": 614,
        "netIncomeAfterTaxes": 624,
        "operationsMaintenance": 1119,
        "otherOperatingExpensesTotal": 108,
        "otherRevenue": 123,
        "period": "2020-12-31",
        "pretaxIncome": 567,
        "provisionforIncomeTaxes": -57,
        "purchasedFuelPowerGas": 652,
        "revenue": 3416,
        "totalOperatingExpense": 2494,
        "totalOtherIncomeExpenseNet": -14,
        "year": 2020
      },
      {
        "costOfGoodsSold": 221.7,
        "depreciationAmortization": 567.2,
        "dilutedAverageSharesOutstanding": 239,
        "dilutedEPS": 2.33,
        "ebit": 777.7,
        "grossIncome": 3426,
        "interestExpense": 180.2,
        "interestIncomeExpense": -127.2,
        "netIncome": 557.2,
        "netIncomeAfterTaxes": 567.4,
        "operationsMaintenance": 1193.6,
        "otherOperatingExpensesTotal": 110.8,
        "otherRevenue": 128.9,
        "period": "2019-12-31",
        "pretaxIncome": 636.1,
        "provisionforIncomeTaxes": 68.7,
        "purchasedFuelPowerGas": 776.7,
        "revenue": 3647.7,
        "totalOperatingExpense": 2648.3,
        "totalOtherIncomeExpenseNet": -14.4,
        "year": 2019
      },
      {
        "costOfGoodsSold": 232.3,
        "depreciationAmortization": 506.9,
        "dilutedAverageSharesOutstanding": 233.6,
        "dilutedEPS": 2.19,
        "ebit": 694.4,
        "grossIncome": 3302.2,
        "interestExpense": 171.4,
        "interestIncomeExpense": -116.8,
        "netIncome": 512.1,
        "netIncomeAfterTaxes": 516.7,
        "nonRecurringItems": 0,
        "operationsMaintenance": 1141.5,
        "otherOperatingExpensesTotal": 104.4,
        "otherRevenue": 87.6,
        "period": "2018-12-31",
        "pretaxIncome": 570,
        "provisionforIncomeTaxes": 53.3,
        "purchasedFuelPowerGas": 855,
        "revenue": 3534.5,
        "totalOperatingExpense": 2607.8,
        "totalOtherIncomeExpenseNet": -7.6,
        "year": 2018
      },
      {
        "costOfGoodsSold": 211.4,
        "depreciationAmortization": 461.8,
        "dilutedAverageSharesOutstanding": 229.7,
        "dilutedEPS": 1.99,
        "ebit": 671.2,
        "grossIncome": 3170.8,
        "interestExpense": 165.9,
        "interestIncomeExpense": -121.1,
        "netIncome": 457.3,
        "netIncomeAfterTaxes": 448,
        "nonRecurringItems": 0,
        "operationsMaintenance": 1114.1,
        "otherOperatingExpensesTotal": 105.6,
        "otherRevenue": 86.6,
        "period": "2017-12-31",
        "pretaxIncome": 532.8,
        "provisionforIncomeTaxes": 84.8,
        "purchasedFuelPowerGas": 818.1,
        "revenue": 3382.2,
        "totalOperatingExpense": 2499.6,
        "totalOtherIncomeExpenseNet": -17.3,
        "year": 2017
      },
      {
        "costOfGoodsSold": 194.3,
        "depreciationAmortization": 411.6,
        "dilutedAverageSharesOutstanding": 227.1,
        "dilutedEPS": 1.65,
        "ebit": 640.5,
        "grossIncome": 3125.7,
        "interestExpense": 133.7,
        "interestIncomeExpense": -94.1,
        "netIncome": 371.5,
        "netIncomeAfterTaxes": 384,
        "nonRecurringItems": -86.4,
        "operationsMaintenance": 1117.3,
        "otherOperatingExpensesTotal": 102.3,
        "otherRevenue": 89.1,
        "period": "2016-12-31",
        "pretaxIncome": 443.4,
        "provisionforIncomeTaxes": 59.4,
        "purchasedFuelPowerGas": 854,
        "revenue": 3320,
        "totalOperatingExpense": 2485.2,
        "totalOtherIncomeExpenseNet": -16.6,
        "year": 2016
      },
      {
        "costOfGoodsSold": 219.1,
        "depreciationAmortization": 401.3,
        "dilutedAverageSharesOutstanding": 225.4,
        "dilutedEPS": 1.69,
        "ebit": 577,
        "grossIncome": 3034.5,
        "interestExpense": 150.2,
        "interestIncomeExpense": -115.7,
        "netIncome": 378.2,
        "netIncomeAfterTaxes": 390.9,
        "operationsMaintenance": 1114.8,
        "otherOperatingExpensesTotal": 103.7,
        "otherRevenue": 101.9,
        "period": "2015-12-31",
        "pretaxIncome": 461.3,
        "provisionforIncomeTaxes": 70.4,
        "purchasedFuelPowerGas": 837.7,
        "revenue": 3253.6,
        "totalOperatingExpense": 2457.5,
        "year": 2015
      }
    ],
    "symbol": "LNT"
  }
}