{
  "symbol": "WMB",
  "statement": "ic",
  "frequency": "annual",
  "timestamp": "2025-09-19T14:08:55.233584",
  "data": {
    "financials": [
      {
        "costOfGoodsSold": 2118,
        "depreciationAmortization": 2219,
        "dilutedAverageSharesOutstanding": 1222.954,
        "dilutedEPS": 1.8169,
        "ebit": 3340,
        "grossIncome": 8385,
        "interestExpense": 1364,
        "interestIncomeExpense": -461,
        "minorityInterest": -121,
        "netIncome": 2222,
        "netIncomeAfterTaxes": 2346,
        "nonRecurringItems": -1,
        "otherOperatingExpensesTotal": -60,
        "period": "2024-12-31",
        "pretaxIncome": 2986,
        "provisionforIncomeTaxes": 640,
        "revenue": 10503,
        "sgaExpense": 2886,
        "totalOperatingExpense": 5045,
        "totalOtherIncomeExpenseNet": 108,
        "year": 2024
      },
      {
        "costOfGoodsSold": 2035,
        "depreciationAmortization": 2071,
        "dilutedAverageSharesOutstanding": 1222.715,
        "dilutedEPS": 2.59,
        "ebit": 4188,
        "grossIncome": 8872,
        "interestExpense": 1236,
        "interestIncomeExpense": -539,
        "minorityInterest": -124,
        "netIncome": 3176,
        "netIncomeAfterTaxes": 3400,
        "nonRecurringItems": 657,
        "otherOperatingExpensesTotal": -30,
        "period": "2023-12-31",
        "pretaxIncome": 4405,
        "provisionforIncomeTaxes": 1005,
        "revenue": 10907,
        "sgaExpense": 2643,
        "totalOperatingExpense": 4684,
        "totalOtherIncomeExpenseNet": 99,
        "year": 2023
      },
      {
        "costOfGoodsSold": 3457,
        "depreciationAmortization": 2009,
        "dilutedAverageSharesOutstanding": 1222.672,
        "dilutedEPS": 1.6734,
        "ebit": 3026,
        "grossIncome": 7508,
        "interestExpense": 1147,
        "interestIncomeExpense": -494,
        "minorityInterest": -68,
        "netIncome": 2046,
        "netIncomeAfterTaxes": 2117,
        "nonRecurringItems": -8,
        "otherOperatingExpensesTotal": 28,
        "period": "2022-12-31",
        "pretaxIncome": 2542,
        "provisionforIncomeTaxes": 425,
        "revenue": 10965,
        "sgaExpense": 2445,
        "totalOperatingExpense": 4482,
        "totalOtherIncomeExpenseNet": 18,
        "year": 2022
      },
      {
        "costOfGoodsSold": 4032,
        "depreciationAmortization": 1842,
        "dilutedAverageSharesOutstanding": 1218.215,
        "dilutedEPS": 1.2428,
        "ebit": 2638,
        "grossIncome": 6595,
        "interestExpense": 1179,
        "interestIncomeExpense": -564,
        "minorityInterest": -45,
        "netIncome": 1514,
        "netIncomeAfterTaxes": 1562,
        "nonRecurringItems": -7,
        "otherOperatingExpensesTotal": 14,
        "period": "2021-12-31",
        "pretaxIncome": 2073,
        "provisionforIncomeTaxes": 511,
        "revenue": 10627,
        "sgaExpense": 2101,
        "totalOperatingExpense": 3957,
        "totalOtherIncomeExpenseNet": 6,
        "year": 2021
      },
      {
        "costOfGoodsSold": 1613,
        "depreciationAmortization": 1721,
        "dilutedAverageSharesOutstanding": 1215,
        "dilutedEPS": 0.17,
        "ebit": 2571,
        "grossIncome": 6106,
        "interestExpense": 1172,
        "interestIncomeExpense": -836,
        "minorityInterest": 13,
        "netIncome": 208,
        "netIncomeAfterTaxes": 198,
        "nonRecurringItems": -1415,
        "otherOperatingExpensesTotal": 22,
        "period": "2020-12-31",
        "pretaxIncome": 277,
        "provisionforIncomeTaxes": 79,
        "revenue": 7719,
        "sgaExpense": 1792,
        "totalOperatingExpense": 3535,
        "totalOtherIncomeExpenseNet": -43,
        "year": 2020
      },
      {
        "costOfGoodsSold": 2066,
        "depreciationAmortization": 1714,
        "dilutedAverageSharesOutstanding": 1214,
        "dilutedEPS": 0.71,
        "ebit": 2387,
        "grossIncome": 6135,
        "interestExpense": 1186,
        "interestIncomeExpense": -704,
        "minorityInterest": 136,
        "netIncome": 847,
        "netIncomeAfterTaxes": 729,
        "nonRecurringItems": -652,
        "otherOperatingExpensesTotal": 8,
        "period": "2019-12-31",
        "pretaxIncome": 1064,
        "provisionforIncomeTaxes": 335,
        "revenue": 8201,
        "sgaExpense": 2026,
        "totalOperatingExpense": 3748,
        "totalOtherIncomeExpenseNet": 33,
        "year": 2019
      },
      {
        "costOfGoodsSold": 2844,
        "depreciationAmortization": 1725,
        "dilutedAverageSharesOutstanding": 974,
        "dilutedEPS": -0.16,
        "ebit": 1974,
        "grossIncome": 5842,
        "interestExpense": 1112,
        "interestIncomeExpense": -497,
        "minorityInterest": -348,
        "netIncome": -156,
        "netIncomeAfterTaxes": 193,
        "nonRecurringItems": -1238,
        "otherOperatingExpensesTotal": 67,
        "period": "2018-12-31",
        "pretaxIncome": 331,
        "provisionforIncomeTaxes": 138,
        "revenue": 8686,
        "sgaExpense": 2076,
        "totalOperatingExpense": 3868,
        "totalOtherIncomeExpenseNet": 92,
        "year": 2018
      },
      {
        "costOfGoodsSold": 2300,
        "depreciationAmortization": 1736,
        "dilutedAverageSharesOutstanding": 829,
        "dilutedEPS": 2.62,
        "ebit": 1754,
        "grossIncome": 5731,
        "interestExpense": 1083,
        "interestIncomeExpense": -367,
        "minorityInterest": -335,
        "netIncome": 2174,
        "netIncomeAfterTaxes": 577,
        "nonRecurringItems": -827,
        "otherOperatingExpensesTotal": 71,
        "period": "2017-12-31",
        "pretaxIncome": 535,
        "provisionforIncomeTaxes": -42,
        "revenue": 8031,
        "sgaExpense": 2170,
        "totalOperatingExpense": 3977,
        "totalOtherIncomeExpenseNet": -25,
        "year": 2017
      },
      {
        "costOfGoodsSold": 1725,
        "depreciationAmortization": 1763,
        "dilutedAverageSharesOutstanding": 751,
        "dilutedEPS": -0.56,
        "ebit": 1562,
        "grossIncome": 5774,
        "interestExpense": 1179,
        "interestIncomeExpense": -719,
        "minorityInterest": -74,
        "netIncome": -424,
        "netIncomeAfterTaxes": -350,
        "nonRecurringItems": -1303,
        "otherOperatingExpensesTotal": 135,
        "period": "2016-12-31",
        "pretaxIncome": -375,
        "provisionforIncomeTaxes": -25,
        "revenue": 7499,
        "sgaExpense": 2314,
        "totalOperatingExpense": 4212,
        "totalOtherIncomeExpenseNet": 85,
        "year": 2016
      },
      {
        "costOfGoodsSold": 1779,
        "depreciationAmortization": 1738,
        "dilutedAverageSharesOutstanding": 749,
        "dilutedEPS": -0.76,
        "ebit": 1324,
        "grossIncome": 5581,
        "interestExpense": 1044,
        "interestIncomeExpense": -682,
        "minorityInterest": 743,
        "netIncome": -571,
        "netIncomeAfterTaxes": -1314,
        "nonRecurringItems": -2457,
        "otherOperatingExpensesTotal": 123,
        "period": "2015-12-31",
        "pretaxIncome": -1713,
        "provisionforIncomeTaxes": -399,
        "revenue": 7360,
        "sgaExpense": 2396,
        "totalOperatingExpense": 4257,
        "totalOtherIncomeExpenseNet": 102,
        "year": 2015
      }
    ],
    "symbol": "WMB"
  }
}