{
  "symbol": "BSX",
  "statement": "ic",
  "frequency": "annual",
  "timestamp": "2025-09-19T13:56:59.962126",
  "data": {
    "financials": [
      {
        "costOfGoodsSold": 5290,
        "depreciationAmortization": 856,
        "dilutedAverageSharesOutstanding": 1485.9,
        "dilutedEPS": 1.25,
        "ebit": 3005,
        "grossIncome": 11457,
        "interestExpense": 305,
        "interestIncomeExpense": -305,
        "minorityInterest": 8,
        "netIncome": 1853,
        "netIncomeAfterTaxes": 1846,
        "nonRecurringItems": -402,
        "otherOperatingExpensesTotal": -3,
        "period": "2024-12-31",
        "pretaxIncome": 2282,
        "provisionforIncomeTaxes": 436,
        "researchDevelopment": 1615,
        "revenue": 16747,
        "sgaExpense": 5984,
        "totalOperatingExpense": 8452,
        "totalOtherIncomeExpenseNet": -16,
        "year": 2024
      },
      {
        "costOfGoodsSold": 4322,
        "depreciationAmortization": 828,
        "dilutedAverageSharesOutstanding": 1463.5,
        "dilutedEPS": 1.07,
        "ebit": 2428,
        "grossIncome": 9918,
        "interestExpense": 459,
        "interestIncomeExpense": -537,
        "minorityInterest": 1,
        "netIncome": 1570,
        "netIncomeAfterTaxes": 1592,
        "nonRecurringItems": 109,
        "otherOperatingExpensesTotal": 58,
        "period": "2023-12-31",
        "pretaxIncome": 1985,
        "provisionforIncomeTaxes": 393,
        "researchDevelopment": 1414,
        "revenue": 14240,
        "sgaExpense": 5190,
        "totalOperatingExpense": 7490,
        "totalOtherIncomeExpenseNet": -15,
        "year": 2023
      },
      {
        "costOfGoodsSold": 3932,
        "depreciationAmortization": 803,
        "dilutedAverageSharesOutstanding": 1439.7,
        "dilutedEPS": 0.45,
        "ebit": 2071,
        "grossIncome": 8750,
        "interestExpense": 276,
        "interestIncomeExpense": -298,
        "netIncome": 642,
        "netIncomeAfterTaxes": 698,
        "nonRecurringItems": -616,
        "otherOperatingExpensesTotal": 33,
        "period": "2022-12-31",
        "pretaxIncome": 1141,
        "provisionforIncomeTaxes": 443,
        "researchDevelopment": 1323,
        "revenue": 12682,
        "sgaExpense": 4520,
        "totalOperatingExpense": 6679,
        "totalOtherIncomeExpenseNet": -16,
        "year": 2022
      },
      {
        "costOfGoodsSold": 3681,
        "depreciationAmortization": 741,
        "dilutedAverageSharesOutstanding": 1433.8,
        "dilutedEPS": 0.69,
        "ebit": 2112,
        "grossIncome": 8207,
        "interestExpense": 341,
        "interestIncomeExpense": -114,
        "netIncome": 985,
        "netIncomeAfterTaxes": 1040,
        "nonRecurringItems": -913,
        "otherOperatingExpensesTotal": -137,
        "period": "2021-12-31",
        "pretaxIncome": 1076,
        "provisionforIncomeTaxes": 36,
        "researchDevelopment": 1204,
        "revenue": 11888,
        "sgaExpense": 4287,
        "totalOperatingExpense": 6095,
        "totalOtherIncomeExpenseNet": -9,
        "year": 2021
      },
      {
        "costOfGoodsSold": 3446,
        "depreciationAmortization": 789,
        "dilutedAverageSharesOutstanding": 1416.7,
        "dilutedEPS": -0.08,
        "ebit": 902,
        "grossIncome": 6467,
        "interestExpense": 361,
        "interestIncomeExpense": -7,
        "netIncome": -115,
        "netIncomeAfterTaxes": -81,
        "nonRecurringItems": -982,
        "otherOperatingExpensesTotal": -99,
        "period": "2020-12-31",
        "pretaxIncome": -79,
        "provisionforIncomeTaxes": 2,
        "researchDevelopment": 1139,
        "revenue": 9913,
        "sgaExpense": 3736,
        "totalOperatingExpense": 5565,
        "totalOtherIncomeExpenseNet": 8,
        "year": 2020
      },
      {
        "costOfGoodsSold": 3149,
        "depreciationAmortization": 699,
        "dilutedAverageSharesOutstanding": 1410.6,
        "dilutedEPS": 3.33,
        "ebit": 1821,
        "grossIncome": 7586,
        "interestExpense": 473,
        "interestIncomeExpense": -831,
        "netIncome": 4700,
        "netIncomeAfterTaxes": 598,
        "nonRecurringItems": -303,
        "otherOperatingExpensesTotal": -36,
        "period": "2019-12-31",
        "pretaxIncome": 687,
        "provisionforIncomeTaxes": 89,
        "researchDevelopment": 1174,
        "revenue": 10735,
        "sgaExpense": 3928,
        "totalOperatingExpense": 5765,
        "totalOtherIncomeExpenseNet": 0,
        "year": 2019
      },
      {
        "costOfGoodsSold": 2836,
        "depreciationAmortization": 599,
        "dilutedAverageSharesOutstanding": 1401.4,
        "dilutedEPS": 1.19,
        "ebit": 1739,
        "grossIncome": 6987,
        "interestExpense": 241,
        "interestIncomeExpense": -72,
        "netIncome": 1671,
        "netIncomeAfterTaxes": 1604,
        "nonRecurringItems": -233,
        "otherOperatingExpensesTotal": -21,
        "period": "2018-12-31",
        "pretaxIncome": 1422,
        "provisionforIncomeTaxes": -182,
        "researchDevelopment": 1113,
        "revenue": 9823,
        "sgaExpense": 3557,
        "totalOperatingExpense": 5248,
        "totalOtherIncomeExpenseNet": -12,
        "year": 2018
      },
      {
        "costOfGoodsSold": 2616,
        "depreciationAmortization": 565,
        "dilutedAverageSharesOutstanding": 1392.7,
        "dilutedEPS": 0.07,
        "ebit": 1669,
        "grossIncome": 6432,
        "interestExpense": 229,
        "interestIncomeExpense": -331,
        "netIncome": 104,
        "netIncomeAfterTaxes": 966,
        "nonRecurringItems": -384,
        "otherOperatingExpensesTotal": -80,
        "period": "2017-12-31",
        "pretaxIncome": 933,
        "provisionforIncomeTaxes": -33,
        "researchDevelopment": 997,
        "revenue": 9048,
        "sgaExpense": 3281,
        "totalOperatingExpense": 4763,
        "totalOtherIncomeExpenseNet": -21,
        "year": 2017
      },
      {
        "costOfGoodsSold": 2469,
        "depreciationAmortization": 545,
        "dilutedAverageSharesOutstanding": 1377.2,
        "dilutedEPS": 0.25,
        "ebit": 1340,
        "grossIncome": 5917,
        "interestExpense": 233,
        "interestIncomeExpense": -262,
        "netIncome": 347,
        "netIncomeAfterTaxes": 347,
        "nonRecurringItems": -893,
        "otherOperatingExpensesTotal": 29,
        "period": "2016-12-31",
        "pretaxIncome": 177,
        "provisionforIncomeTaxes": -170,
        "researchDevelopment": 920,
        "revenue": 8386,
        "sgaExpense": 3083,
        "totalOperatingExpense": 4577,
        "totalOtherIncomeExpenseNet": -8,
        "year": 2016
      },
      {
        "costOfGoodsSold": 2212,
        "depreciationAmortization": 495,
        "dilutedAverageSharesOutstanding": 1341.2,
        "dilutedEPS": -0.18,
        "ebit": 924,
        "grossIncome": 5265,
        "interestExpense": 284,
        "interestIncomeExpense": -309,
        "netIncome": -239,
        "netIncomeAfterTaxes": -239,
        "nonRecurringItems": -1251,
        "otherOperatingExpensesTotal": 123,
        "period": "2015-12-31",
        "pretaxIncome": -650,
        "provisionforIncomeTaxes": -411,
        "researchDevelopment": 876,
        "revenue": 7477,
        "sgaExpense": 2847,
        "totalOperatingExpense": 4341,
        "totalOtherIncomeExpenseNet": -14,
        "year": 2015
      }
    ],
    "symbol": "BSX"
  }
}