{
  "symbol": "ED",
  "statement": "ic",
  "frequency": "annual",
  "timestamp": "2025-09-19T13:58:24.601970",
  "data": {
    "financials": [
      {
        "costOfGoodsSold": 3168,
        "depreciationAmortization": 2155,
        "dilutedAverageSharesOutstanding": 347.3,
        "dilutedEPS": 5.2404,
        "ebit": 2732,
        "grossIncome": 12088,
        "interestExpense": 1021,
        "interestIncomeExpense": -959,
        "netIncome": 1820,
        "netIncomeAfterTaxes": 1820,
        "nonRecurringItems": -62,
        "operationsMaintenance": 3751,
        "otherOperatingExpensesTotal": 3280,
        "otherRevenue": 3,
        "period": "2024-12-31",
        "pretaxIncome": 2138,
        "provisionforIncomeTaxes": 318,
        "purchasedFuelPowerGas": 170,
        "revenue": 15256,
        "totalOperatingExpense": 9356,
        "totalOtherIncomeExpenseNet": 427,
        "year": 2024
      },
      {
        "costOfGoodsSold": 3370,
        "depreciationAmortization": 2031,
        "dilutedAverageSharesOutstanding": 349.3,
        "dilutedEPS": 7.2116,
        "ebit": 2331,
        "grossIncome": 11293,
        "interestExpense": 910,
        "interestIncomeExpense": -848,
        "minorityInterest": 3,
        "netIncome": 2519,
        "netIncomeAfterTaxes": 2516,
        "nonRecurringItems": 865,
        "operationsMaintenance": 3606,
        "otherOperatingExpensesTotal": 3043,
        "otherRevenue": 132,
        "period": "2023-12-31",
        "pretaxIncome": 3003,
        "provisionforIncomeTaxes": 487,
        "purchasedFuelPowerGas": 282,
        "revenue": 14663,
        "totalOperatingExpense": 8962,
        "totalOtherIncomeExpenseNet": 655,
        "year": 2023
      },
      {
        "costOfGoodsSold": 3724,
        "depreciationAmortization": 2056,
        "dilutedAverageSharesOutstanding": 355.8,
        "dilutedEPS": 4.6655,
        "ebit": 2624,
        "grossIncome": 11946,
        "interestExpense": 951,
        "interestIncomeExpense": -931,
        "minorityInterest": 60,
        "netIncome": 1660,
        "netIncomeAfterTaxes": 1600,
        "operationsMaintenance": 3905,
        "otherOperatingExpensesTotal": 3005,
        "otherRevenue": 1318,
        "period": "2022-12-31",
        "pretaxIncome": 2098,
        "provisionforIncomeTaxes": 498,
        "purchasedFuelPowerGas": 356,
        "revenue": 15670,
        "totalOperatingExpense": 9322,
        "totalOtherIncomeExpenseNet": 405,
        "year": 2022
      },
      {
        "costOfGoodsSold": 2525,
        "depreciationAmortization": 2032,
        "dilutedAverageSharesOutstanding": 349.4,
        "dilutedEPS": 3.8523,
        "ebit": 2826,
        "grossIncome": 11151,
        "interestExpense": 919,
        "interestIncomeExpense": -891,
        "minorityInterest": 153,
        "netIncome": 1346,
        "netIncomeAfterTaxes": 1193,
        "nonRecurringItems": -448,
        "operationsMaintenance": 3254,
        "otherOperatingExpensesTotal": 2810,
        "otherRevenue": 1021,
        "period": "2021-12-31",
        "pretaxIncome": 1383,
        "provisionforIncomeTaxes": 190,
        "purchasedFuelPowerGas": 229,
        "revenue": 13676,
        "totalOperatingExpense": 8325,
        "totalOtherIncomeExpenseNet": -104,
        "year": 2021
      },
      {
        "costOfGoodsSold": 2127,
        "depreciationAmortization": 1920,
        "dilutedAverageSharesOutstanding": 336,
        "dilutedEPS": 3.28,
        "ebit": 2654,
        "grossIncome": 10119,
        "interestExpense": 901,
        "interestIncomeExpense": -795,
        "minorityInterest": -43,
        "netIncome": 1101,
        "netIncomeAfterTaxes": 1144,
        "nonRecurringItems": -320,
        "operationsMaintenance": 2814,
        "otherOperatingExpensesTotal": 2575,
        "otherRevenue": 739,
        "period": "2020-12-31",
        "pretaxIncome": 1234,
        "provisionforIncomeTaxes": 90,
        "purchasedFuelPowerGas": 156,
        "revenue": 12246,
        "totalOperatingExpense": 7465,
        "totalOtherIncomeExpenseNet": -305,
        "year": 2020
      },
      {
        "costOfGoodsSold": 2426,
        "depreciationAmortization": 1684,
        "dilutedAverageSharesOutstanding": 330,
        "dilutedEPS": 4.08,
        "ebit": 2676,
        "grossIncome": 10148,
        "interestExpense": 875,
        "interestIncomeExpense": -779,
        "minorityInterest": -97,
        "netIncome": 1343,
        "netIncomeAfterTaxes": 1440,
        "nonRecurringItems": 0,
        "operationsMaintenance": 3175,
        "otherOperatingExpensesTotal": 2406,
        "otherRevenue": 862,
        "period": "2019-12-31",
        "pretaxIncome": 1736,
        "provisionforIncomeTaxes": 296,
        "purchasedFuelPowerGas": 207,
        "revenue": 12574,
        "totalOperatingExpense": 7472,
        "totalOtherIncomeExpenseNet": -161,
        "year": 2019
      },
      {
        "costOfGoodsSold": 2685,
        "depreciationAmortization": 1438,
        "dilutedAverageSharesOutstanding": 313,
        "dilutedEPS": 4.41,
        "ebit": 2533,
        "grossIncome": 9652,
        "interestExpense": 770,
        "interestIncomeExpense": -651,
        "netIncome": 1382,
        "netIncomeAfterTaxes": 1424,
        "nonRecurringItems": 131,
        "operationsMaintenance": 3152,
        "otherOperatingExpensesTotal": 2266,
        "otherRevenue": 767,
        "period": "2018-12-31",
        "pretaxIncome": 1783,
        "provisionforIncomeTaxes": 359,
        "purchasedFuelPowerGas": 263,
        "revenue": 12337,
        "totalOperatingExpense": 7119,
        "totalOtherIncomeExpenseNet": -230,
        "year": 2018
      },
      {
        "costOfGoodsSold": 2409,
        "depreciationAmortization": 1341,
        "dilutedAverageSharesOutstanding": 309,
        "dilutedEPS": 4.93,
        "ebit": 2773,
        "grossIncome": 9624,
        "interestExpense": 718,
        "interestIncomeExpense": -607,
        "netIncome": 1525,
        "netIncomeAfterTaxes": 1266,
        "nonRecurringItems": 1,
        "operationsMaintenance": 3139,
        "otherOperatingExpensesTotal": 2155,
        "otherRevenue": 693,
        "period": "2017-12-31",
        "pretaxIncome": 1997,
        "provisionforIncomeTaxes": 731,
        "purchasedFuelPowerGas": 216,
        "revenue": 12033,
        "totalOperatingExpense": 6851,
        "totalOtherIncomeExpenseNet": -170,
        "year": 2017
      },
      {
        "costOfGoodsSold": 2916,
        "depreciationAmortization": 1216,
        "dilutedAverageSharesOutstanding": 302,
        "dilutedEPS": 4.12,
        "ebit": 2676,
        "grossIncome": 9159,
        "interestExpense": 672,
        "interestIncomeExpense": -597,
        "netIncome": 1245,
        "netIncomeAfterTaxes": 1245,
        "nonRecurringItems": 104,
        "operationsMaintenance": 3064,
        "otherOperatingExpensesTotal": 2031,
        "otherRevenue": 1091,
        "period": "2016-12-31",
        "pretaxIncome": 1943,
        "provisionforIncomeTaxes": 698,
        "purchasedFuelPowerGas": 172,
        "revenue": 12075,
        "totalOperatingExpense": 6483,
        "totalOtherIncomeExpenseNet": -240,
        "year": 2016
      },
      {
        "costOfGoodsSold": 3468,
        "depreciationAmortization": 1130,
        "dilutedAverageSharesOutstanding": 294,
        "dilutedEPS": 4.05,
        "ebit": 2427,
        "gainLossOnDispositionOfAssets": 0,
        "grossIncome": 9086,
        "interestExpense": 629,
        "interestIncomeExpense": -594,
        "netIncome": 1193,
        "netIncomeAfterTaxes": 1193,
        "operationsMaintenance": 3344,
        "otherOperatingExpensesTotal": 1937,
        "otherRevenue": 1384,
        "period": "2015-12-31",
        "pretaxIncome": 1798,
        "provisionforIncomeTaxes": 605,
        "purchasedFuelPowerGas": 248,
        "revenue": 12554,
        "totalOperatingExpense": 6659,
        "totalOtherIncomeExpenseNet": -35,
        "year": 2015
      }
    ],
    "symbol": "ED"
  }
}