{
  "symbol": "DVN",
  "statement": "ic",
  "frequency": "annual",
  "timestamp": "2025-09-19T13:59:04.955317",
  "data": {
    "financials": [
      {
        "costOfGoodsSold": 7976,
        "depreciationAmortization": 3255,
        "dilutedAverageSharesOutstanding": 634,
        "dilutedEPS": 4.5599,
        "ebit": 4182,
        "grossIncome": 7964,
        "interestExpense": 401,
        "interestIncomeExpense": -339,
        "minorityInterest": -51,
        "netIncome": 2891,
        "netIncomeAfterTaxes": 2942,
        "nonRecurringItems": -20,
        "period": "2024-12-31",
        "pretaxIncome": 3712,
        "provisionforIncomeTaxes": 770,
        "researchDevelopment": 27,
        "revenue": 15940,
        "sgaExpense": 500,
        "totalOperatingExpense": 3782,
        "totalOtherIncomeExpenseNet": -111,
        "year": 2024
      },
      {
        "costOfGoodsSold": 7337,
        "depreciationAmortization": 2554,
        "dilutedAverageSharesOutstanding": 642,
        "dilutedEPS": 5.8365,
        "ebit": 4939,
        "grossIncome": 7921,
        "interestExpense": 369,
        "interestIncomeExpense": -314,
        "minorityInterest": -35,
        "netIncome": 3747,
        "netIncomeAfterTaxes": 3782,
        "nonRecurringItems": 30,
        "period": "2023-12-31",
        "pretaxIncome": 4623,
        "provisionforIncomeTaxes": 841,
        "researchDevelopment": 20,
        "revenue": 15258,
        "sgaExpense": 408,
        "totalOperatingExpense": 2982,
        "totalOtherIncomeExpenseNet": -32,
        "year": 2023
      },
      {
        "costOfGoodsSold": 8577,
        "depreciationAmortization": 2223,
        "dilutedAverageSharesOutstanding": 653,
        "dilutedEPS": 9.124,
        "ebit": 7945,
        "grossIncome": 10592,
        "interestExpense": 370,
        "interestIncomeExpense": -332,
        "minorityInterest": -22,
        "netIncome": 5958,
        "netIncomeAfterTaxes": 6037,
        "nonRecurringItems": 24,
        "period": "2022-12-31",
        "pretaxIncome": 7775,
        "provisionforIncomeTaxes": 1738,
        "researchDevelopment": 29,
        "revenue": 19169,
        "sgaExpense": 395,
        "totalOperatingExpense": 2647,
        "totalOtherIncomeExpenseNet": 138,
        "year": 2022
      },
      {
        "costOfGoodsSold": 6369,
        "depreciationAmortization": 2158,
        "dilutedAverageSharesOutstanding": 665,
        "dilutedEPS": 4.185,
        "ebit": 3274,
        "grossIncome": 5837,
        "interestExpense": 388,
        "interestIncomeExpense": -386,
        "minorityInterest": -20,
        "netIncome": 2783,
        "netIncomeAfterTaxes": 2833,
        "nonRecurringItems": -60,
        "period": "2021-12-31",
        "pretaxIncome": 2898,
        "provisionforIncomeTaxes": 65,
        "researchDevelopment": 14,
        "revenue": 12206,
        "sgaExpense": 391,
        "totalOperatingExpense": 2563,
        "totalOtherIncomeExpenseNet": 70,
        "year": 2021
      },
      {
        "costOfGoodsSold": 1123,
        "depreciationAmortization": 1300,
        "dilutedAverageSharesOutstanding": 377,
        "dilutedEPS": -7.11,
        "ebit": -113,
        "grossIncome": 3705,
        "interestExpense": 259,
        "interestIncomeExpense": -247,
        "minorityInterest": -9,
        "netIncome": -2684,
        "netIncomeAfterTaxes": -2543,
        "nonRecurringItems": -2741,
        "period": "2020-12-31",
        "pretaxIncome": -3090,
        "provisionforIncomeTaxes": -547,
        "researchDevelopment": 167,
        "revenue": 4828,
        "sgaExpense": 2351,
        "totalOperatingExpense": 3818,
        "totalOtherIncomeExpenseNet": 11,
        "year": 2020
      },
      {
        "costOfGoodsSold": 1197,
        "depreciationAmortization": 1497,
        "dilutedAverageSharesOutstanding": 401,
        "dilutedEPS": -0.89,
        "ebit": 181,
        "grossIncome": 5023,
        "interestExpense": 260,
        "interestIncomeExpense": -260,
        "minorityInterest": -2,
        "netIncome": -357,
        "netIncomeAfterTaxes": -79,
        "nonRecurringItems": -36,
        "period": "2019-12-31",
        "pretaxIncome": -109,
        "provisionforIncomeTaxes": -30,
        "researchDevelopment": 58,
        "revenue": 6220,
        "sgaExpense": 3287,
        "totalOperatingExpense": 4842,
        "totalOtherIncomeExpenseNet": 6,
        "year": 2019
      },
      {
        "costOfGoodsSold": 1153,
        "depreciationAmortization": 1228,
        "dilutedAverageSharesOutstanding": 494,
        "dilutedEPS": 6.18,
        "ebit": 1492,
        "grossIncome": 7743,
        "interestExpense": 287,
        "interestIncomeExpense": -287,
        "minorityInterest": -160,
        "netIncome": 3056,
        "netIncomeAfterTaxes": 714,
        "nonRecurringItems": -287,
        "period": "2018-12-31",
        "pretaxIncome": 944,
        "provisionforIncomeTaxes": 230,
        "researchDevelopment": 128,
        "revenue": 8896,
        "sgaExpense": 4895,
        "totalOperatingExpense": 6251,
        "totalOtherIncomeExpenseNet": 26,
        "year": 2018
      },
      {
        "costOfGoodsSold": 791,
        "depreciationAmortization": 1008,
        "dilutedAverageSharesOutstanding": 520,
        "dilutedEPS": 1.72,
        "ebit": 152,
        "grossIncome": 5710,
        "interestExpense": 337,
        "interestIncomeExpense": -337,
        "minorityInterest": -180,
        "netIncome": 897,
        "netIncomeAfterTaxes": -5,
        "nonRecurringItems": 219,
        "period": "2017-12-31",
        "pretaxIncome": 40,
        "provisionforIncomeTaxes": 45,
        "researchDevelopment": 346,
        "revenue": 6501,
        "sgaExpense": 4204,
        "totalOperatingExpense": 5558,
        "totalOtherIncomeExpenseNet": 6,
        "year": 2017
      },
      {
        "costOfGoodsSold": 1803,
        "depreciationAmortization": 2096,
        "dilutedAverageSharesOutstanding": 513,
        "dilutedEPS": -2.06,
        "ebit": -208,
        "grossIncome": 8501,
        "interestExpense": 571,
        "interestIncomeExpense": -571,
        "minorityInterest": 402,
        "netIncome": -1058,
        "netIncomeAfterTaxes": -1458,
        "nonRecurringItems": -96,
        "period": "2016-12-31",
        "pretaxIncome": -1317,
        "provisionforIncomeTaxes": 141,
        "researchDevelopment": 215,
        "revenue": 10304,
        "sgaExpense": 6398,
        "totalOperatingExpense": 8709,
        "totalOtherIncomeExpenseNet": -442,
        "year": 2016
      },
      {
        "costOfGoodsSold": 2439,
        "depreciationAmortization": 4022,
        "dilutedAverageSharesOutstanding": 412,
        "dilutedEPS": -31.31,
        "ebit": -1421,
        "grossIncome": 10706,
        "interestExpense": 513,
        "interestIncomeExpense": -513,
        "minorityInterest": 749,
        "netIncome": -12901,
        "netIncomeAfterTaxes": -13645,
        "nonRecurringItems": -17654,
        "period": "2015-12-31",
        "pretaxIncome": -19858,
        "provisionforIncomeTaxes": -6213,
        "researchDevelopment": 451,
        "revenue": 13145,
        "sgaExpense": 7654,
        "totalOperatingExpense": 12127,
        "totalOtherIncomeExpenseNet": -270,
        "year": 2015
      }
    ],
    "symbol": "DVN"
  }
}