{
  "symbol": "ZTS",
  "statement": "ic",
  "frequency": "annual",
  "timestamp": "2025-09-19T14:09:10.777544",
  "data": {
    "financials": [
      {
        "costOfGoodsSold": 2714,
        "depreciationAmortization": 141,
        "dilutedAverageSharesOutstanding": 454.848,
        "dilutedEPS": 5.4656,
        "ebit": 3393,
        "grossIncome": 6542,
        "interestExpense": 225,
        "interestIncomeExpense": -169,
        "minorityInterest": -10,
        "netIncome": 2486,
        "netIncomeAfterTaxes": 2496,
        "nonRecurringItems": -91,
        "otherOperatingExpensesTotal": 4,
        "period": "2024-12-31",
        "pretaxIncome": 3133,
        "provisionforIncomeTaxes": 637,
        "researchDevelopment": 686,
        "revenue": 9256,
        "sgaExpense": 2318,
        "totalOperatingExpense": 3149,
        "year": 2024
      },
      {
        "costOfGoodsSold": 2524,
        "depreciationAmortization": 149,
        "dilutedAverageSharesOutstanding": 462.269,
        "dilutedEPS": 5.0706,
        "ebit": 3105,
        "grossIncome": 6020,
        "interestExpense": 239,
        "interestIncomeExpense": -181,
        "minorityInterest": 4,
        "netIncome": 2344,
        "netIncomeAfterTaxes": 2340,
        "nonRecurringItems": 12,
        "otherOperatingExpensesTotal": 1,
        "period": "2023-12-31",
        "pretaxIncome": 2936,
        "provisionforIncomeTaxes": 596,
        "researchDevelopment": 614,
        "revenue": 8544,
        "sgaExpense": 2151,
        "totalOperatingExpense": 2915,
        "year": 2023
      },
      {
        "costOfGoodsSold": 2446,
        "depreciationAmortization": 150,
        "dilutedAverageSharesOutstanding": 470.4,
        "dilutedEPS": 4.49,
        "ebit": 2950,
        "grossIncome": 5634,
        "interestExpense": 221,
        "interestIncomeExpense": -233,
        "minorityInterest": 3,
        "netIncome": 2114,
        "netIncomeAfterTaxes": 2111,
        "nonRecurringItems": -61,
        "otherOperatingExpensesTotal": -14,
        "period": "2022-12-31",
        "pretaxIncome": 2656,
        "provisionforIncomeTaxes": 545,
        "researchDevelopment": 539,
        "revenue": 8080,
        "sgaExpense": 2009,
        "totalOperatingExpense": 2684,
        "year": 2022
      },
      {
        "costOfGoodsSold": 2285,
        "depreciationAmortization": 161,
        "dilutedAverageSharesOutstanding": 476.7,
        "dilutedEPS": 4.27,
        "ebit": 2817,
        "grossIncome": 5491,
        "interestExpense": 224,
        "interestIncomeExpense": -245,
        "minorityInterest": 3,
        "netIncome": 2037,
        "netIncomeAfterTaxes": 2034,
        "nonRecurringItems": -84,
        "otherOperatingExpensesTotal": 4,
        "period": "2021-12-31",
        "pretaxIncome": 2488,
        "provisionforIncomeTaxes": 454,
        "researchDevelopment": 508,
        "revenue": 7776,
        "sgaExpense": 2001,
        "totalOperatingExpense": 2674,
        "year": 2021
      },
      {
        "costOfGoodsSold": 2045,
        "depreciationAmortization": 160,
        "dilutedAverageSharesOutstanding": 478.6,
        "dilutedEPS": 3.42,
        "ebit": 2276,
        "grossIncome": 4630,
        "interestExpense": 231,
        "interestIncomeExpense": -240,
        "minorityInterest": 2,
        "netIncome": 1638,
        "netIncomeAfterTaxes": 1636,
        "nonRecurringItems": -40,
        "otherOperatingExpensesTotal": 5,
        "period": "2020-12-31",
        "pretaxIncome": 1996,
        "provisionforIncomeTaxes": 360,
        "researchDevelopment": 463,
        "revenue": 6675,
        "sgaExpense": 1726,
        "totalOperatingExpense": 2354,
        "year": 2020
      },
      {
        "costOfGoodsSold": 1976,
        "depreciationAmortization": 155,
        "dilutedAverageSharesOutstanding": 481.8,
        "dilutedEPS": 3.11,
        "ebit": 2034,
        "grossIncome": 4284,
        "interestExpense": 223,
        "interestIncomeExpense": -202,
        "minorityInterest": 0,
        "netIncome": 1500,
        "netIncomeAfterTaxes": 1500,
        "nonRecurringItems": -31,
        "otherOperatingExpensesTotal": 0,
        "period": "2019-12-31",
        "pretaxIncome": 1801,
        "provisionforIncomeTaxes": 301,
        "researchDevelopment": 457,
        "revenue": 6260,
        "sgaExpense": 1638,
        "totalOperatingExpense": 2250,
        "year": 2019
      },
      {
        "costOfGoodsSold": 1883,
        "depreciationAmortization": 117,
        "dilutedAverageSharesOutstanding": 486.9,
        "dilutedEPS": 2.93,
        "ebit": 1924,
        "grossIncome": 3942,
        "interestExpense": 206,
        "interestIncomeExpense": -206,
        "minorityInterest": 4,
        "netIncome": 1428,
        "netIncomeAfterTaxes": 1379,
        "nonRecurringItems": -28,
        "otherOperatingExpensesTotal": -15,
        "period": "2018-12-31",
        "pretaxIncome": 1690,
        "provisionforIncomeTaxes": 311,
        "researchDevelopment": 432,
        "revenue": 5825,
        "sgaExpense": 1484,
        "totalOperatingExpense": 2018,
        "year": 2018
      },
      {
        "costOfGoodsSold": 1763,
        "depreciationAmortization": 91,
        "dilutedAverageSharesOutstanding": 493.2,
        "dilutedEPS": 1.75,
        "ebit": 1751,
        "grossIncome": 3544,
        "interestExpense": 175,
        "interestIncomeExpense": -204,
        "minorityInterest": 2,
        "netIncome": 864,
        "netIncomeAfterTaxes": 1074,
        "nonRecurringItems": -22,
        "otherOperatingExpensesTotal": -14,
        "period": "2017-12-31",
        "pretaxIncome": 1525,
        "provisionforIncomeTaxes": 451,
        "researchDevelopment": 382,
        "revenue": 5307,
        "sgaExpense": 1334,
        "totalOperatingExpense": 1793,
        "year": 2017
      },
      {
        "costOfGoodsSold": 1636,
        "depreciationAmortization": 85,
        "dilutedAverageSharesOutstanding": 498.2,
        "dilutedEPS": 1.65,
        "ebit": 1437,
        "grossIncome": 3252,
        "interestExpense": 166,
        "interestIncomeExpense": -215,
        "minorityInterest": 2,
        "netIncome": 821,
        "netIncomeAfterTaxes": 819,
        "nonRecurringItems": 6,
        "otherOperatingExpensesTotal": -10,
        "period": "2016-12-31",
        "pretaxIncome": 1228,
        "provisionforIncomeTaxes": 409,
        "researchDevelopment": 376,
        "revenue": 4888,
        "sgaExpense": 1364,
        "totalOperatingExpense": 1815,
        "year": 2016
      },
      {
        "costOfGoodsSold": 1714,
        "depreciationAmortization": 61,
        "dilutedAverageSharesOutstanding": 502,
        "dilutedEPS": 0.68,
        "ebit": 1099,
        "grossIncome": 3051,
        "interestExpense": 124,
        "interestIncomeExpense": -226,
        "minorityInterest": 0,
        "netIncome": 339,
        "netIncomeAfterTaxes": 339,
        "nonRecurringItems": -328,
        "otherOperatingExpensesTotal": -5,
        "period": "2015-12-31",
        "pretaxIncome": 545,
        "provisionforIncomeTaxes": 206,
        "researchDevelopment": 364,
        "revenue": 4765,
        "sgaExpense": 1532,
        "totalOperatingExpense": 1952,
        "year": 2015
      }
    ],
    "symbol": "ZTS"
  }
}