{
  "symbol": "AMCR",
  "statement": "ic",
  "frequency": "annual",
  "timestamp": "2025-09-19T13:55:43.955191",
  "data": {
    "financials": [
      {
        "costOfGoodsSold": 12175,
        "depreciationAmortization": 246,
        "dilutedAverageSharesOutstanding": 1593,
        "dilutedEPS": 0.3202,
        "ebit": 1316,
        "equityEarningsAffiliates": 3,
        "grossIncome": 2834,
        "interestExpense": 396,
        "interestIncomeExpense": -347,
        "minorityInterest": -7,
        "netIncome": 510,
        "netIncomeAfterTaxes": 515,
        "nonRecurringItems": -307,
        "otherOperatingExpensesTotal": -53,
        "period": "2025-06-30",
        "pretaxIncome": 650,
        "provisionforIncomeTaxes": 135,
        "researchDevelopment": 120,
        "revenue": 15009,
        "sgaExpense": 1205,
        "totalOperatingExpense": 1518,
        "totalOtherIncomeExpenseNet": -12,
        "year": 2025
      },
      {
        "costOfGoodsSold": 10928,
        "dilutedAverageSharesOutstanding": 1441,
        "dilutedEPS": 0.5045,
        "ebit": 1311,
        "equityEarningsAffiliates": -4,
        "grossIncome": 2712,
        "interestExpense": 348,
        "interestIncomeExpense": -310,
        "minorityInterest": -10,
        "netIncome": 727,
        "netIncomeAfterTaxes": 744,
        "nonRecurringItems": -97,
        "otherOperatingExpensesTotal": 35,
        "period": "2024-06-30",
        "pretaxIncome": 907,
        "provisionforIncomeTaxes": 163,
        "researchDevelopment": 106,
        "revenue": 13640,
        "sgaExpense": 1260,
        "totalOperatingExpense": 1401,
        "totalOtherIncomeExpenseNet": 3,
        "year": 2024
      },
      {
        "costOfGoodsSold": 11969,
        "dilutedAverageSharesOutstanding": 1476,
        "dilutedEPS": 0.71,
        "ebit": 1404,
        "equityEarningsAffiliates": 0,
        "grossIncome": 2725,
        "interestExpense": 290,
        "interestIncomeExpense": -259,
        "minorityInterest": -10,
        "netIncome": 1041,
        "netIncomeAfterTaxes": 1058,
        "nonRecurringItems": 104,
        "otherOperatingExpensesTotal": -26,
        "period": "2023-06-30",
        "pretaxIncome": 1251,
        "provisionforIncomeTaxes": 193,
        "researchDevelopment": 101,
        "revenue": 14694,
        "sgaExpense": 1246,
        "totalOperatingExpense": 1321,
        "totalOtherIncomeExpenseNet": 2,
        "year": 2023
      },
      {
        "costOfGoodsSold": 11724,
        "dilutedAverageSharesOutstanding": 1516,
        "dilutedEPS": 0.53,
        "ebit": 1474,
        "equityEarningsAffiliates": 0,
        "grossIncome": 2820,
        "interestExpense": 159,
        "interestIncomeExpense": -135,
        "minorityInterest": -10,
        "netIncome": 802,
        "netIncomeAfterTaxes": 815,
        "nonRecurringItems": -235,
        "otherOperatingExpensesTotal": -33,
        "period": "2022-06-30",
        "pretaxIncome": 1115,
        "provisionforIncomeTaxes": 300,
        "researchDevelopment": 96,
        "revenue": 14544,
        "sgaExpense": 1283,
        "totalOperatingExpense": 1346,
        "totalOtherIncomeExpenseNet": 11,
        "year": 2022
      },
      {
        "costOfGoodsSold": 10129,
        "dilutedAverageSharesOutstanding": 1556,
        "dilutedEPS": 0.6,
        "ebit": 1416,
        "equityEarningsAffiliates": 19,
        "grossIncome": 2732,
        "interestExpense": 153,
        "interestIncomeExpense": -139,
        "minorityInterest": -12,
        "netIncome": 937,
        "netIncomeAfterTaxes": 932,
        "nonRecurringItems": -95,
        "otherOperatingExpensesTotal": -75,
        "period": "2021-06-30",
        "pretaxIncome": 1193,
        "provisionforIncomeTaxes": 261,
        "researchDevelopment": 100,
        "revenue": 12861,
        "sgaExpense": 1291,
        "totalOperatingExpense": 1316,
        "totalOtherIncomeExpenseNet": 11,
        "year": 2021
      },
      {
        "costOfGoodsSold": 9932,
        "dilutedAverageSharesOutstanding": 1602,
        "dilutedEPS": 0.39,
        "ebit": 1110,
        "equityEarningsAffiliates": -14,
        "grossIncome": 2536,
        "interestExpense": 206.9,
        "interestIncomeExpense": -185,
        "minorityInterest": -4,
        "netIncome": 612,
        "netIncomeAfterTaxes": 638,
        "nonRecurringItems": -116,
        "otherOperatingExpensesTotal": -56,
        "period": "2020-06-30",
        "pretaxIncome": 825,
        "provisionforIncomeTaxes": 187,
        "researchDevelopment": 97,
        "revenue": 12468,
        "sgaExpense": 1384,
        "totalOperatingExpense": 1426,
        "totalOtherIncomeExpenseNet": 16,
        "year": 2020
      },
      {
        "costOfGoodsSold": 7659,
        "dilutedAverageSharesOutstanding": 1184,
        "dilutedEPS": 0.36,
        "ebit": 971,
        "equityEarningsAffiliates": 4,
        "grossIncome": 1799,
        "interestExpense": 207.9,
        "interestIncomeExpense": -191,
        "minorityInterest": -7,
        "netIncome": 430,
        "netIncomeAfterTaxes": 433,
        "nonRecurringItems": -179,
        "otherOperatingExpensesTotal": -186,
        "period": "2019-06-30",
        "pretaxIncome": 604,
        "provisionforIncomeTaxes": 172,
        "researchDevelopment": 64,
        "revenue": 9458,
        "sgaExpense": 951,
        "totalOperatingExpense": 829,
        "totalOtherIncomeExpenseNet": 4,
        "year": 2019
      },
      {
        "costOfGoodsSold": 7462,
        "dilutedAverageSharesOutstanding": 1162,
        "dilutedEPS": 0.5,
        "ebit": 1035,
        "equityEarningsAffiliates": -18,
        "grossIncome": 1857,
        "interestExpense": 210,
        "interestIncomeExpense": -197,
        "minorityInterest": -11,
        "netIncome": 575,
        "netIncomeAfterTaxes": 604,
        "nonRecurringItems": -41,
        "otherOperatingExpensesTotal": -43,
        "period": "2018-06-30",
        "pretaxIncome": 723,
        "provisionforIncomeTaxes": 119,
        "researchDevelopment": 73,
        "revenue": 9319,
        "sgaExpense": 793,
        "totalOperatingExpense": 822,
        "totalOtherIncomeExpenseNet": -74,
        "year": 2018
      },
      {
        "costOfGoodsSold": 7189,
        "dilutedAverageSharesOutstanding": 1164,
        "dilutedEPS": 0.48,
        "ebit": 1059,
        "equityEarningsAffiliates": 14,
        "grossIncome": 1912,
        "interestExpense": 190.9,
        "interestIncomeExpense": -179,
        "minorityInterest": -17,
        "netIncome": 564,
        "netIncomeAfterTaxes": 567,
        "nonRecurringItems": -143,
        "otherOperatingExpensesTotal": -67,
        "period": "2017-06-30",
        "pretaxIncome": 716,
        "provisionforIncomeTaxes": 149,
        "researchDevelopment": 69,
        "revenue": 9101,
        "sgaExpense": 850,
        "totalOperatingExpense": 853,
        "totalOtherIncomeExpenseNet": -22,
        "year": 2017
      },
      {
        "costOfGoodsSold": 7427,
        "dilutedAverageSharesOutstanding": 1177,
        "dilutedEPS": 0.21,
        "ebit": 1051,
        "grossIncome": 1995,
        "interestExpense": 192.2,
        "interestIncomeExpense": -135,
        "minorityInterest": -30,
        "netIncome": 244,
        "netIncomeAfterTaxes": 274,
        "nonRecurringItems": -498,
        "otherOperatingExpensesTotal": -77,
        "period": "2016-06-30",
        "pretaxIncome": 409,
        "provisionforIncomeTaxes": 135,
        "researchDevelopment": 67,
        "revenue": 9421,
        "sgaExpense": 954,
        "totalOperatingExpense": 944,
        "totalOtherIncomeExpenseNet": -9,
        "year": 2016
      }
    ],
    "symbol": "AMCR"
  }
}