{
  "symbol": "UBER",
  "statement": "ic",
  "frequency": "annual",
  "timestamp": "2025-09-19T14:07:52.522077",
  "data": {
    "financials": [
      {
        "costOfGoodsSold": 29383,
        "depreciationAmortization": 711,
        "dilutedAverageSharesOutstanding": 2150.508,
        "dilutedEPS": 4.58,
        "ebit": 2799,
        "equityEarningsAffiliates": -38,
        "grossIncome": 14595,
        "interestExpense": 523,
        "interestIncomeExpense": 1639,
        "minorityInterest": 11,
        "netIncome": 9856,
        "netIncomeAfterTaxes": 9883,
        "nonRecurringItems": -236,
        "period": "2024-12-31",
        "pretaxIncome": 4125,
        "provisionforIncomeTaxes": -5758,
        "researchDevelopment": 3109,
        "revenue": 43978,
        "sgaExpense": 7976,
        "totalOperatingExpense": 11796,
        "totalOtherIncomeExpenseNet": -77,
        "year": 2024
      },
      {
        "costOfGoodsSold": 25146,
        "depreciationAmortization": 823,
        "dilutedAverageSharesOutstanding": 2091.782,
        "dilutedEPS": 0.9,
        "ebit": 1110,
        "equityEarningsAffiliates": 48,
        "grossIncome": 12135,
        "interestExpense": 633,
        "interestIncomeExpense": 1205,
        "minorityInterest": -269,
        "netIncome": 1887,
        "netIncomeAfterTaxes": 2108,
        "nonRecurringItems": 204,
        "period": "2023-12-31",
        "pretaxIncome": 2321,
        "provisionforIncomeTaxes": 213,
        "researchDevelopment": 3164,
        "revenue": 37281,
        "sgaExpense": 7038,
        "totalOperatingExpense": 11025,
        "totalOtherIncomeExpenseNet": -198,
        "year": 2023
      },
      {
        "costOfGoodsSold": 22072,
        "depreciationAmortization": 947,
        "dilutedAverageSharesOutstanding": 1974.928,
        "dilutedEPS": -4.63,
        "ebit": -1832,
        "equityEarningsAffiliates": 107,
        "grossIncome": 9805,
        "interestExpense": 565,
        "interestIncomeExpense": -7618,
        "minorityInterest": -3,
        "netIncome": -9141,
        "netIncomeAfterTaxes": -9245,
        "nonRecurringItems": -168,
        "period": "2022-12-31",
        "pretaxIncome": -9426,
        "provisionforIncomeTaxes": -181,
        "researchDevelopment": 2798,
        "revenue": 31877,
        "sgaExpense": 7892,
        "totalOperatingExpense": 11637,
        "totalOtherIncomeExpenseNet": 192,
        "year": 2022
      },
      {
        "costOfGoodsSold": 11228,
        "depreciationAmortization": 902,
        "dilutedAverageSharesOutstanding": 1892.546,
        "dilutedEPS": -0.26,
        "ebit": -3834,
        "equityEarningsAffiliates": -37,
        "grossIncome": 6227,
        "interestExpense": 483,
        "interestIncomeExpense": 1042,
        "minorityInterest": 74,
        "netIncome": -496,
        "netIncomeAfterTaxes": -533,
        "nonRecurringItems": 1684,
        "period": "2021-12-31",
        "pretaxIncome": -1025,
        "provisionforIncomeTaxes": -492,
        "researchDevelopment": 2054,
        "revenue": 17455,
        "sgaExpense": 7105,
        "totalOperatingExpense": 10061,
        "totalOtherIncomeExpenseNet": 83,
        "year": 2021
      },
      {
        "costOfGoodsSold": 6801,
        "depreciationAmortization": 575,
        "dilutedAverageSharesOutstanding": 1752.96,
        "dilutedEPS": -3.86,
        "ebit": -4308,
        "equityEarningsAffiliates": -34,
        "grossIncome": 4338,
        "interestExpense": 458,
        "interestIncomeExpense": -656,
        "minorityInterest": 20,
        "netIncome": -6768,
        "netIncomeAfterTaxes": -6754,
        "nonRecurringItems": -2041,
        "period": "2020-12-31",
        "pretaxIncome": -6946,
        "provisionforIncomeTaxes": -192,
        "researchDevelopment": 2120,
        "revenue": 11139,
        "sgaExpense": 5951,
        "totalOperatingExpense": 8646,
        "totalOtherIncomeExpenseNet": 59,
        "year": 2020
      },
      {
        "costOfGoodsSold": 8363,
        "depreciationAmortization": 472,
        "dilutedAverageSharesOutstanding": 1248.353,
        "dilutedEPS": -6.81,
        "ebit": -8596,
        "equityEarningsAffiliates": -34,
        "grossIncome": 4637,
        "interestExpense": 559,
        "interestIncomeExpense": -305,
        "minorityInterest": 6,
        "netIncome": -8506,
        "netIncomeAfterTaxes": -8478,
        "nonRecurringItems": 444,
        "period": "2019-12-31",
        "pretaxIncome": -8433,
        "provisionforIncomeTaxes": 45,
        "researchDevelopment": 4836,
        "revenue": 13000,
        "sgaExpense": 7925,
        "totalOperatingExpense": 13233,
        "totalOtherIncomeExpenseNet": 24,
        "year": 2019
      },
      {
        "costOfGoodsSold": 6302,
        "depreciationAmortization": 426,
        "dilutedAverageSharesOutstanding": 443.368,
        "dilutedEPS": 0,
        "ebit": -3033,
        "equityEarningsAffiliates": -42,
        "grossIncome": 4131,
        "interestExpense": 648,
        "interestIncomeExpense": 906,
        "minorityInterest": 10,
        "netIncome": 0,
        "netIncomeAfterTaxes": 1029,
        "nonRecurringItems": 3214,
        "period": "2018-12-31",
        "pretaxIncome": 1312,
        "provisionforIncomeTaxes": 283,
        "researchDevelopment": 1505,
        "revenue": 10433,
        "sgaExpense": 5233,
        "totalOperatingExpense": 7164,
        "totalOtherIncomeExpenseNet": 225,
        "year": 2018
      },
      {
        "costOfGoodsSold": 5514,
        "depreciationAmortization": 510,
        "dilutedAverageSharesOutstanding": 1682.522,
        "dilutedEPS": -2.39,
        "ebit": -3857,
        "equityEarningsAffiliates": 0,
        "grossIncome": 2418,
        "interestExpense": 479,
        "interestIncomeExpense": -539,
        "minorityInterest": 0,
        "netIncome": -4033,
        "netIncomeAfterTaxes": -4755,
        "nonRecurringItems": -223,
        "period": "2017-12-31",
        "pretaxIncome": -4575,
        "provisionforIncomeTaxes": 180,
        "researchDevelopment": 1201,
        "revenue": 7932,
        "sgaExpense": 4564,
        "totalOperatingExpense": 6275,
        "totalOtherIncomeExpenseNet": 44,
        "year": 2017
      },
      {
        "costOfGoodsSold": 3109,
        "depreciationAmortization": 320,
        "dilutedAverageSharesOutstanding": 1682.522,
        "dilutedEPS": -0.21,
        "ebit": -3023,
        "equityEarningsAffiliates": 0,
        "grossIncome": 736,
        "interestExpense": 334,
        "interestIncomeExpense": -261,
        "minorityInterest": 0,
        "netIncome": -370,
        "netIncomeAfterTaxes": -3246,
        "nonRecurringItems": 0,
        "period": "2016-12-31",
        "pretaxIncome": -3218,
        "provisionforIncomeTaxes": 28,
        "researchDevelopment": 864,
        "revenue": 3845,
        "sgaExpense": 2575,
        "totalOperatingExpense": 3759,
        "totalOtherIncomeExpenseNet": 66,
        "year": 2016
      },
      {
        "costOfGoodsSold": 1543,
        "depreciationAmortization": 77,
        "dilutedAverageSharesOutstanding": 1682.522,
        "dilutedEPS": -1.59,
        "ebit": -1339,
        "equityEarningsAffiliates": 0,
        "grossIncome": 452,
        "interestExpense": 179,
        "interestIncomeExpense": -306,
        "minorityInterest": 0,
        "netIncome": -2688,
        "netIncomeAfterTaxes": -1590,
        "nonRecurringItems": 39,
        "period": "2015-12-31",
        "pretaxIncome": -1603,
        "provisionforIncomeTaxes": -13,
        "researchDevelopment": 348,
        "revenue": 1995,
        "sgaExpense": 1366,
        "totalOperatingExpense": 1791,
        "totalOtherIncomeExpenseNet": 3,
        "year": 2015
      }
    ],
    "symbol": "UBER"
  }
}