{
  "symbol": "IP",
  "statement": "ic",
  "frequency": "annual",
  "timestamp": "2025-09-19T14:02:11.206357",
  "data": {
    "financials": [
      {
        "costOfGoodsSold": 13376,
        "depreciationAmortization": 1305,
        "dilutedAverageSharesOutstanding": 354.2,
        "dilutedEPS": 1.5726,
        "ebit": 476,
        "equityEarningsAffiliates": -5,
        "gainLossOnDispositionOfAssets": 58,
        "grossIncome": 5243,
        "interestExpense": 430,
        "interestIncomeExpense": -208,
        "netIncome": 557,
        "netIncomeAfterTaxes": 562,
        "nonRecurringItems": -221,
        "period": "2024-12-31",
        "pretaxIncome": 147,
        "provisionforIncomeTaxes": -415,
        "revenue": 18619,
        "sgaExpense": 3462,
        "totalOperatingExpense": 4767,
        "totalOtherIncomeExpenseNet": 42,
        "year": 2024
      },
      {
        "costOfGoodsSold": 13629,
        "depreciationAmortization": 1432,
        "dilutedAverageSharesOutstanding": 349.1,
        "dilutedEPS": 0.82,
        "ebit": 766,
        "equityEarningsAffiliates": -21,
        "grossIncome": 5287,
        "interestExpense": 421,
        "interestIncomeExpense": -231,
        "minorityInterest": 0,
        "netIncome": 288,
        "netIncomeAfterTaxes": 323,
        "nonRecurringItems": -99,
        "period": "2023-12-31",
        "pretaxIncome": 382,
        "provisionforIncomeTaxes": 59,
        "revenue": 18916,
        "sgaExpense": 3089,
        "totalOperatingExpense": 4521,
        "totalOtherIncomeExpenseNet": -54,
        "year": 2023
      },
      {
        "costOfGoodsSold": 15143,
        "depreciationAmortization": 1040,
        "dilutedAverageSharesOutstanding": 367,
        "dilutedEPS": 4.09,
        "ebit": 1754,
        "equityEarningsAffiliates": -6,
        "grossIncome": 6018,
        "interestExpense": 403,
        "interestIncomeExpense": -270,
        "minorityInterest": 0,
        "netIncome": 1504,
        "netIncomeAfterTaxes": 1747,
        "nonRecurringItems": -165,
        "period": "2022-12-31",
        "pretaxIncome": 1511,
        "provisionforIncomeTaxes": -236,
        "revenue": 21161,
        "sgaExpense": 3224,
        "totalOperatingExpense": 4264,
        "totalOtherIncomeExpenseNet": 192,
        "year": 2022
      },
      {
        "costOfGoodsSold": 13832,
        "depreciationAmortization": 1097,
        "dilutedAverageSharesOutstanding": 392.4,
        "dilutedEPS": 4.46,
        "ebit": 1466,
        "equityEarningsAffiliates": 2,
        "grossIncome": 5531,
        "interestExpense": 430,
        "interestIncomeExpense": -165,
        "minorityInterest": -2,
        "netIncome": 1752,
        "netIncomeAfterTaxes": 811,
        "nonRecurringItems": -502,
        "period": "2021-12-31",
        "pretaxIncome": 999,
        "provisionforIncomeTaxes": 188,
        "revenue": 19363,
        "sgaExpense": 2968,
        "totalOperatingExpense": 4065,
        "totalOtherIncomeExpenseNet": 200,
        "year": 2021
      },
      {
        "costOfGoodsSold": 12339,
        "depreciationAmortization": 1091,
        "dilutedAverageSharesOutstanding": 395.7,
        "dilutedEPS": 1.21,
        "ebit": 1359,
        "equityEarningsAffiliates": 29,
        "grossIncome": 5226,
        "interestExpense": 597,
        "interestIncomeExpense": -411,
        "minorityInterest": 0,
        "netIncome": 482,
        "netIncomeAfterTaxes": 153,
        "nonRecurringItems": -660,
        "period": "2020-12-31",
        "pretaxIncome": 329,
        "provisionforIncomeTaxes": 176,
        "revenue": 17565,
        "sgaExpense": 2776,
        "totalOperatingExpense": 3867,
        "totalOtherIncomeExpenseNet": 41,
        "year": 2020
      },
      {
        "costOfGoodsSold": 15269,
        "depreciationAmortization": 1306,
        "dilutedAverageSharesOutstanding": 398.8,
        "dilutedEPS": 3.07,
        "ebit": 2424,
        "equityEarningsAffiliates": 250,
        "grossIncome": 7107,
        "interestExpense": 706,
        "interestIncomeExpense": -490,
        "minorityInterest": 5,
        "netIncome": 1225,
        "netIncomeAfterTaxes": 971,
        "nonRecurringItems": -294,
        "period": "2019-12-31",
        "pretaxIncome": 1604,
        "provisionforIncomeTaxes": 633,
        "revenue": 22376,
        "sgaExpense": 3377,
        "totalOperatingExpense": 4683,
        "totalOtherIncomeExpenseNet": -36,
        "year": 2019
      },
      {
        "costOfGoodsSold": 15558,
        "depreciationAmortization": 1328,
        "dilutedAverageSharesOutstanding": 414.2,
        "dilutedEPS": 4.85,
        "ebit": 2959,
        "equityEarningsAffiliates": 336,
        "grossIncome": 7748,
        "interestExpense": 734,
        "interestIncomeExpense": -533,
        "minorityInterest": -5,
        "netIncome": 2012,
        "netIncomeAfterTaxes": 1298,
        "nonRecurringItems": -151,
        "period": "2018-12-31",
        "pretaxIncome": 1781,
        "provisionforIncomeTaxes": 483,
        "revenue": 23306,
        "sgaExpense": 3461,
        "totalOperatingExpense": 4789,
        "totalOtherIncomeExpenseNet": -494,
        "year": 2018
      },
      {
        "costOfGoodsSold": 14792,
        "depreciationAmortization": 1343,
        "dilutedAverageSharesOutstanding": 417.7,
        "dilutedEPS": 5.13,
        "ebit": 2384,
        "equityEarningsAffiliates": 177,
        "grossIncome": 6951,
        "interestExpense": 758,
        "interestIncomeExpense": -581,
        "minorityInterest": 0,
        "netIncome": 2144,
        "netIncomeAfterTaxes": 713,
        "nonRecurringItems": -424,
        "period": "2017-12-31",
        "pretaxIncome": 848,
        "provisionforIncomeTaxes": 135,
        "revenue": 21743,
        "sgaExpense": 3224,
        "totalOperatingExpense": 4567,
        "totalOtherIncomeExpenseNet": -531,
        "year": 2017
      },
      {
        "costOfGoodsSold": 14057,
        "depreciationAmortization": 1124,
        "dilutedAverageSharesOutstanding": 415.6,
        "dilutedEPS": 2.17,
        "ebit": 1467,
        "equityEarningsAffiliates": 198,
        "grossIncome": 5438,
        "interestExpense": 695,
        "interestIncomeExpense": -515,
        "minorityInterest": 2,
        "netIncome": 904,
        "netIncomeAfterTaxes": 602,
        "nonRecurringItems": -152,
        "period": "2016-12-31",
        "pretaxIncome": 795,
        "provisionforIncomeTaxes": 193,
        "revenue": 19495,
        "sgaExpense": 2847,
        "totalOperatingExpense": 3971,
        "totalOtherIncomeExpenseNet": -5,
        "year": 2016
      },
      {
        "costOfGoodsSold": 14302,
        "depreciationAmortization": 1167,
        "dilutedAverageSharesOutstanding": 420.6,
        "dilutedEPS": 2.23,
        "ebit": 2261,
        "equityEarningsAffiliates": 117,
        "grossIncome": 6373,
        "interestExpense": 644,
        "interestIncomeExpense": -553,
        "minorityInterest": 21,
        "netIncome": 938,
        "netIncomeAfterTaxes": 715,
        "nonRecurringItems": -563,
        "period": "2015-12-31",
        "pretaxIncome": 1132,
        "provisionforIncomeTaxes": 417,
        "revenue": 20675,
        "sgaExpense": 2945,
        "totalOperatingExpense": 4112,
        "totalOtherIncomeExpenseNet": -13,
        "year": 2015
      }
    ],
    "symbol": "IP"
  }
}