{
  "symbol": "APA",
  "statement": "ic",
  "frequency": "quarterly",
  "timestamp": "2025-09-19T13:56:06.166896",
  "data": {
    "financials": [
      {
        "costOfGoodsSold": 671,
        "depreciationAmortization": 530,
        "dilutedAverageSharesOutstanding": 361,
        "dilutedEPS": 1.6704,
        "ebit": 671,
        "gainLossOnDispositionOfAssets": 0,
        "grossIncome": 1507,
        "interestIncomeExpense": 69,
        "minorityInterest": -62,
        "netIncome": 603,
        "netIncomeAfterTaxes": 665,
        "nonRecurringItems": 274,
        "otherOperatingExpensesTotal": 39,
        "period": "2025-06-30",
        "pretaxIncome": 1028,
        "provisionforIncomeTaxes": 363,
        "researchDevelopment": 43,
        "revenue": 2178,
        "sgaExpense": 224,
        "totalOperatingExpense": 836,
        "totalOtherIncomeExpenseNet": 14
      },
      {
        "costOfGoodsSold": 881,
        "depreciationAmortization": 643,
        "dilutedAverageSharesOutstanding": 364,
        "dilutedEPS": 0.9533,
        "ebit": 767,
        "gainLossOnDispositionOfAssets": 0,
        "grossIncome": 1755,
        "interestExpense": 89,
        "interestIncomeExpense": -113,
        "minorityInterest": -71,
        "netIncome": 347,
        "netIncomeAfterTaxes": 418,
        "nonRecurringItems": 103,
        "otherOperatingExpensesTotal": 39,
        "period": "2025-03-31",
        "pretaxIncome": 763,
        "provisionforIncomeTaxes": 345,
        "researchDevelopment": 30,
        "revenue": 2636,
        "sgaExpense": 276,
        "totalOperatingExpense": 988,
        "totalOtherIncomeExpenseNet": 6
      },
      {
        "costOfGoodsSold": 856,
        "depreciationAmortization": 653,
        "dilutedAverageSharesOutstanding": 368,
        "dilutedEPS": 0.962,
        "ebit": 855,
        "gainLossOnDispositionOfAssets": -190,
        "grossIncome": 1856,
        "interestExpense": 95,
        "interestIncomeExpense": -75,
        "minorityInterest": -71,
        "netIncome": 354,
        "netIncomeAfterTaxes": 425,
        "nonRecurringItems": -49,
        "otherOperatingExpensesTotal": 36,
        "period": "2024-12-31",
        "pretaxIncome": 500,
        "provisionforIncomeTaxes": 75,
        "researchDevelopment": 41,
        "revenue": 2712,
        "sgaExpense": 271,
        "totalOperatingExpense": 1001,
        "totalOtherIncomeExpenseNet": -41
      },
      {
        "costOfGoodsSold": 710,
        "depreciationAmortization": 595,
        "dilutedAverageSharesOutstanding": 370,
        "dilutedEPS": -0.6027,
        "ebit": 877,
        "gainLossOnDispositionOfAssets": 0,
        "grossIncome": 1821,
        "interestExpense": 102,
        "interestIncomeExpense": -110,
        "minorityInterest": -84,
        "netIncome": -223,
        "netIncomeAfterTaxes": -139,
        "nonRecurringItems": -1125,
        "otherOperatingExpensesTotal": 36,
        "period": "2024-09-30",
        "pretaxIncome": -340,
        "provisionforIncomeTaxes": -201,
        "researchDevelopment": 28,
        "revenue": 2531,
        "sgaExpense": 285,
        "totalOperatingExpense": 944,
        "totalOtherIncomeExpenseNet": 18
      },
      {
        "costOfGoodsSold": 670,
        "depreciationAmortization": 588,
        "dilutedAverageSharesOutstanding": 372,
        "dilutedEPS": 1.4543,
        "ebit": 894,
        "gainLossOnDispositionOfAssets": -17,
        "grossIncome": 1873,
        "interestExpense": 103,
        "interestIncomeExpense": -103,
        "minorityInterest": -79,
        "netIncome": 541,
        "netIncomeAfterTaxes": 620,
        "nonRecurringItems": 161,
        "otherOperatingExpensesTotal": 36,
        "period": "2024-06-30",
        "pretaxIncome": 928,
        "provisionforIncomeTaxes": 308,
        "researchDevelopment": 71,
        "revenue": 2543,
        "sgaExpense": 284,
        "totalOperatingExpense": 979,
        "totalOtherIncomeExpenseNet": -7
      },
      {
        "costOfGoodsSold": 501,
        "depreciationAmortization": 430,
        "dilutedAverageSharesOutstanding": 302,
        "dilutedEPS": 0.4371,
        "ebit": 608,
        "gainLossOnDispositionOfAssets": -66,
        "grossIncome": 1450,
        "interestExpense": 79,
        "interestIncomeExpense": -71,
        "minorityInterest": -80,
        "netIncome": 132,
        "netIncomeAfterTaxes": 212,
        "nonRecurringItems": -30,
        "otherOperatingExpensesTotal": 40,
        "period": "2024-03-31",
        "pretaxIncome": 447,
        "provisionforIncomeTaxes": 235,
        "researchDevelopment": 138,
        "revenue": 1951,
        "sgaExpense": 234,
        "totalOperatingExpense": 842,
        "totalOtherIncomeExpenseNet": 6
      },
      {
        "costOfGoodsSold": 544,
        "depreciationAmortization": 423,
        "dilutedAverageSharesOutstanding": 309,
        "dilutedEPS": 5.7379,
        "ebit": 913,
        "gainLossOnDispositionOfAssets": -212,
        "grossIncome": 1623,
        "interestExpense": 80,
        "interestIncomeExpense": -98,
        "minorityInterest": -91,
        "netIncome": 1773,
        "netIncomeAfterTaxes": 1864,
        "nonRecurringItems": -20,
        "otherOperatingExpensesTotal": 30,
        "period": "2023-12-31",
        "pretaxIncome": 540,
        "provisionforIncomeTaxes": -1324,
        "researchDevelopment": 49,
        "revenue": 2167,
        "sgaExpense": 208,
        "totalOperatingExpense": 710,
        "totalOtherIncomeExpenseNet": -43
      },
      {
        "costOfGoodsSold": 605,
        "depreciationAmortization": 418,
        "dilutedAverageSharesOutstanding": 308,
        "dilutedEPS": 1.49,
        "ebit": 927,
        "grossIncome": 1703,
        "interestExpense": 83,
        "interestIncomeExpense": -95,
        "minorityInterest": -96,
        "netIncome": 459,
        "netIncomeAfterTaxes": 555,
        "nonRecurringItems": -13,
        "otherOperatingExpensesTotal": 29,
        "period": "2023-09-30",
        "pretaxIncome": 833,
        "provisionforIncomeTaxes": 278,
        "researchDevelopment": 40,
        "revenue": 2308,
        "sgaExpense": 289,
        "totalOperatingExpense": 776,
        "totalOtherIncomeExpenseNet": 14
      },
      {
        "costOfGoodsSold": 492,
        "depreciationAmortization": 367,
        "dilutedAverageSharesOutstanding": 309,
        "dilutedEPS": 1.23,
        "ebit": 671,
        "grossIncome": 1304,
        "interestExpense": 85,
        "interestIncomeExpense": 59,
        "minorityInterest": -81,
        "netIncome": 381,
        "netIncomeAfterTaxes": 462,
        "nonRecurringItems": -49,
        "otherOperatingExpensesTotal": 29,
        "period": "2023-06-30",
        "pretaxIncome": 700,
        "provisionforIncomeTaxes": 238,
        "researchDevelopment": 37,
        "revenue": 1796,
        "sgaExpense": 200,
        "totalOperatingExpense": 633,
        "totalOtherIncomeExpenseNet": 19
      },
      {
        "costOfGoodsSold": 537,
        "depreciationAmortization": 332,
        "dilutedAverageSharesOutstanding": 312,
        "dilutedEPS": 0.78,
        "ebit": 869,
        "grossIncome": 1471,
        "interestExpense": 83,
        "interestIncomeExpense": -47,
        "minorityInterest": -84,
        "netIncome": 242,
        "netIncomeAfterTaxes": 326,
        "nonRecurringItems": 1,
        "otherOperatingExpensesTotal": 28,
        "period": "2023-03-31",
        "pretaxIncome": 810,
        "provisionforIncomeTaxes": 484,
        "researchDevelopment": 47,
        "revenue": 2008,
        "sgaExpense": 195,
        "totalOperatingExpense": 602,
        "totalOtherIncomeExpenseNet": -13
      },
      {
        "costOfGoodsSold": 701,
        "depreciationAmortization": 354,
        "dilutedAverageSharesOutstanding": 312,
        "dilutedEPS": 1.42,
        "ebit": 977,
        "gainLossOnDispositionOfAssets": -157,
        "grossIncome": 1771,
        "interestExpense": 78,
        "interestIncomeExpense": -52,
        "minorityInterest": -96,
        "netIncome": 443,
        "netIncomeAfterTaxes": 539,
        "nonRecurringItems": -7,
        "otherOperatingExpensesTotal": 30,
        "period": "2022-12-31",
        "pretaxIncome": 802,
        "provisionforIncomeTaxes": 263,
        "researchDevelopment": 110,
        "revenue": 2472,
        "sgaExpense": 300,
        "totalOperatingExpense": 794,
        "totalOtherIncomeExpenseNet": 41
      },
      {
        "costOfGoodsSold": 937,
        "depreciationAmortization": 310,
        "dilutedAverageSharesOutstanding": 330,
        "dilutedEPS": 1.28,
        "ebit": 1282,
        "grossIncome": 1950,
        "interestExpense": 76,
        "interestIncomeExpense": -119,
        "minorityInterest": -108,
        "netIncome": 422,
        "netIncomeAfterTaxes": 530,
        "nonRecurringItems": 11,
        "otherOperatingExpensesTotal": 29,
        "period": "2022-09-30",
        "pretaxIncome": 1172,
        "provisionforIncomeTaxes": 642,
        "researchDevelopment": 79,
        "revenue": 2887,
        "sgaExpense": 250,
        "totalOperatingExpense": 668,
        "totalOtherIncomeExpenseNet": -2
      },
      {
        "costOfGoodsSold": 887,
        "depreciationAmortization": 278,
        "dilutedAverageSharesOutstanding": 342,
        "dilutedEPS": 2.71,
        "ebit": 1538,
        "grossIncome": 2160,
        "interestExpense": 79,
        "interestIncomeExpense": -108,
        "minorityInterest": -141,
        "netIncome": 926,
        "netIncomeAfterTaxes": 1067,
        "nonRecurringItems": -32,
        "otherOperatingExpensesTotal": 29,
        "period": "2022-06-30",
        "pretaxIncome": 1462,
        "provisionforIncomeTaxes": 395,
        "researchDevelopment": 54,
        "revenue": 3047,
        "sgaExpense": 261,
        "totalOperatingExpense": 622,
        "totalOtherIncomeExpenseNet": 64
      },
      {
        "costOfGoodsSold": 695,
        "depreciationAmortization": 291,
        "dilutedAverageSharesOutstanding": 347,
        "dilutedEPS": 5.43,
        "ebit": 1309,
        "grossIncome": 1974,
        "interestExpense": 89,
        "interestIncomeExpense": -147,
        "minorityInterest": -63,
        "netIncome": 1883,
        "netIncomeAfterTaxes": 1946,
        "nonRecurringItems": 1091,
        "otherOperatingExpensesTotal": 29,
        "period": "2022-03-31",
        "pretaxIncome": 2298,
        "provisionforIncomeTaxes": 352,
        "researchDevelopment": 38,
        "revenue": 2669,
        "sgaExpense": 307,
        "totalOperatingExpense": 665,
        "totalOtherIncomeExpenseNet": 45
      },
      {
        "costOfGoodsSold": 778,
        "depreciationAmortization": 332,
        "dilutedAverageSharesOutstanding": 363,
        "dilutedEPS": 1.05,
        "ebit": 851,
        "gainLossOnDispositionOfAssets": 0,
        "grossIncome": 1521,
        "interestExpense": 94,
        "interestIncomeExpense": -43,
        "minorityInterest": -103,
        "netIncome": 382,
        "netIncomeAfterTaxes": 485,
        "nonRecurringItems": -207,
        "otherOperatingExpensesTotal": 28,
        "period": "2021-12-31",
        "pretaxIncome": 654,
        "provisionforIncomeTaxes": 169,
        "researchDevelopment": 41,
        "revenue": 2299,
        "sgaExpense": 269,
        "totalOperatingExpense": 670,
        "totalOtherIncomeExpenseNet": 53
      },
      {
        "costOfGoodsSold": 712,
        "depreciationAmortization": 335,
        "dilutedAverageSharesOutstanding": 379,
        "dilutedEPS": -0.3,
        "ebit": 762,
        "gainLossOnDispositionOfAssets": -446,
        "grossIncome": 1347,
        "interestExpense": 101,
        "interestIncomeExpense": -100,
        "minorityInterest": -83,
        "netIncome": -113,
        "netIncomeAfterTaxes": -30,
        "nonRecurringItems": -134,
        "otherOperatingExpensesTotal": 29,
        "period": "2021-09-30",
        "pretaxIncome": 122,
        "provisionforIncomeTaxes": 152,
        "researchDevelopment": 29,
        "revenue": 2059,
        "sgaExpense": 192,
        "totalOperatingExpense": 585,
        "totalOtherIncomeExpenseNet": 40
      },
      {
        "costOfGoodsSold": 573,
        "depreciationAmortization": 351,
        "dilutedAverageSharesOutstanding": 379,
        "dilutedEPS": 0.83,
        "ebit": 583,
        "grossIncome": 1183,
        "interestExpense": 111,
        "interestIncomeExpense": -221,
        "minorityInterest": -92,
        "netIncome": 316,
        "netIncomeAfterTaxes": 408,
        "nonRecurringItems": 59,
        "otherOperatingExpensesTotal": 28,
        "period": "2021-06-30",
        "pretaxIncome": 495,
        "provisionforIncomeTaxes": 87,
        "researchDevelopment": 23,
        "revenue": 1756,
        "sgaExpense": 198,
        "totalOperatingExpense": 600,
        "totalOtherIncomeExpenseNet": 74
      },
      {
        "costOfGoodsSold": 758,
        "depreciationAmortization": 342,
        "dilutedAverageSharesOutstanding": 379,
        "dilutedEPS": 1.02,
        "ebit": 527,
        "grossIncome": 1113,
        "interestExpense": 112,
        "interestIncomeExpense": 48,
        "minorityInterest": -62,
        "netIncome": 388,
        "netIncomeAfterTaxes": 450,
        "nonRecurringItems": -16,
        "otherOperatingExpensesTotal": 28,
        "period": "2021-03-31",
        "pretaxIncome": 620,
        "provisionforIncomeTaxes": 170,
        "researchDevelopment": 31,
        "revenue": 1871,
        "sgaExpense": 185,
        "totalOperatingExpense": 586,
        "totalOtherIncomeExpenseNet": 61
      },
      {
        "costOfGoodsSold": 419,
        "depreciationAmortization": 390,
        "dilutedAverageSharesOutstanding": 378,
        "dilutedEPS": 0.03,
        "ebit": 133,
        "grossIncome": 800,
        "interestExpense": 110,
        "interestIncomeExpense": -68,
        "minorityInterest": -45,
        "netIncome": 10,
        "netIncomeAfterTaxes": 55,
        "nonRecurringItems": -18,
        "otherOperatingExpensesTotal": 28,
        "period": "2020-12-31",
        "pretaxIncome": 70,
        "provisionforIncomeTaxes": 15,
        "researchDevelopment": 72,
        "revenue": 1219,
        "sgaExpense": 177,
        "totalOperatingExpense": 667,
        "totalOtherIncomeExpenseNet": 23
      },
      {
        "costOfGoodsSold": 334,
        "depreciationAmortization": 398,
        "dilutedAverageSharesOutstanding": 378,
        "dilutedEPS": -0.01,
        "ebit": 190,
        "grossIncome": 786,
        "interestExpense": 112,
        "interestIncomeExpense": -95,
        "minorityInterest": -45,
        "netIncome": -4,
        "netIncomeAfterTaxes": 41,
        "nonRecurringItems": -32,
        "otherOperatingExpensesTotal": 27,
        "period": "2020-09-30",
        "pretaxIncome": 72,
        "provisionforIncomeTaxes": 31,
        "researchDevelopment": 22,
        "revenue": 1120,
        "sgaExpense": 149,
        "totalOperatingExpense": 596,
        "totalOtherIncomeExpenseNet": 9
      },
      {
        "costOfGoodsSold": 310,
        "depreciationAmortization": 418,
        "dilutedAverageSharesOutstanding": 378,
        "dilutedEPS": -1.02,
        "ebit": -233,
        "grossIncome": 442,
        "interestExpense": 107,
        "interestIncomeExpense": -281,
        "minorityInterest": -8,
        "netIncome": -386,
        "netIncomeAfterTaxes": -378,
        "nonRecurringItems": 79,
        "otherOperatingExpensesTotal": 27,
        "period": "2020-06-30",
        "pretaxIncome": -416,
        "provisionforIncomeTaxes": -38,
        "researchDevelopment": 41,
        "revenue": 752,
        "sgaExpense": 189,
        "totalOperatingExpense": 675,
        "totalOtherIncomeExpenseNet": 19
      },
      {
        "costOfGoodsSold": 421,
        "depreciationAmortization": 566,
        "dilutedAverageSharesOutstanding": 378,
        "dilutedEPS": -11.85,
        "ebit": 120,
        "grossIncome": 923,
        "interestExpense": 105,
        "interestIncomeExpense": -206,
        "minorityInterest": 142,
        "netIncome": -4480,
        "netIncomeAfterTaxes": -4622,
        "nonRecurringItems": -4493,
        "otherOperatingExpensesTotal": 27,
        "period": "2020-03-31",
        "pretaxIncome": -4566,
        "provisionforIncomeTaxes": 56,
        "researchDevelopment": 38,
        "revenue": 1344,
        "sgaExpense": 172,
        "totalOperatingExpense": 803,
        "totalOtherIncomeExpenseNet": 13
      },
      {
        "costOfGoodsSold": 425,
        "depreciationAmortization": 721,
        "dilutedAverageSharesOutstanding": 377,
        "dilutedEPS": -7.89,
        "ebit": 291,
        "grossIncome": 1304,
        "interestExpense": 98,
        "interestIncomeExpense": -92,
        "minorityInterest": 271,
        "netIncome": -2976,
        "netIncomeAfterTaxes": -3247,
        "nonRecurringItems": -3255,
        "otherOperatingExpensesTotal": 27,
        "period": "2019-12-31",
        "pretaxIncome": -3035,
        "provisionforIncomeTaxes": 212,
        "researchDevelopment": 40,
        "revenue": 1729,
        "sgaExpense": 225,
        "totalOperatingExpense": 1013,
        "totalOtherIncomeExpenseNet": 21
      },
      {
        "costOfGoodsSold": 373,
        "depreciationAmortization": 711,
        "dilutedAverageSharesOutstanding": 377,
        "dilutedEPS": -0.45,
        "ebit": 105,
        "grossIncome": 1095,
        "interestExpense": 100,
        "interestIncomeExpense": -97,
        "minorityInterest": -53,
        "netIncome": -170,
        "netIncomeAfterTaxes": -117,
        "nonRecurringItems": -28,
        "otherOperatingExpensesTotal": 27,
        "period": "2019-09-30",
        "pretaxIncome": 14,
        "provisionforIncomeTaxes": 131,
        "researchDevelopment": 44,
        "revenue": 1468,
        "sgaExpense": 208,
        "totalOperatingExpense": 990,
        "totalOtherIncomeExpenseNet": 34
      },
      {
        "costOfGoodsSold": 426,
        "depreciationAmortization": 602,
        "dilutedAverageSharesOutstanding": 382.1,
        "dilutedEPS": -0.95,
        "ebit": 306,
        "grossIncome": 1214,
        "interestExpense": 101,
        "interestIncomeExpense": -106,
        "minorityInterest": -44,
        "netIncome": -360,
        "netIncomeAfterTaxes": -316,
        "nonRecurringItems": -343,
        "otherOperatingExpensesTotal": 26,
        "period": "2019-06-30",
        "pretaxIncome": -152,
        "provisionforIncomeTaxes": 164,
        "researchDevelopment": 56,
        "revenue": 1640,
        "sgaExpense": 224,
        "totalOperatingExpense": 908,
        "totalOtherIncomeExpenseNet": -9
      },
      {
        "costOfGoodsSold": 365,
        "depreciationAmortization": 646,
        "dilutedAverageSharesOutstanding": 376,
        "dilutedEPS": -0.13,
        "ebit": 308,
        "grossIncome": 1289,
        "interestExpense": 101,
        "interestIncomeExpense": -127,
        "minorityInterest": -45,
        "netIncome": -47,
        "netIncomeAfterTaxes": -2,
        "nonRecurringItems": -24,
        "otherOperatingExpensesTotal": 27,
        "period": "2019-03-31",
        "pretaxIncome": 165,
        "provisionforIncomeTaxes": 167,
        "researchDevelopment": 46,
        "revenue": 1654,
        "sgaExpense": 262,
        "totalOperatingExpense": 981,
        "totalOtherIncomeExpenseNet": 8
      },
      {
        "costOfGoodsSold": 692,
        "depreciationAmortization": 739,
        "dilutedAverageSharesOutstanding": 379,
        "dilutedEPS": -1,
        "ebit": 351,
        "grossIncome": 1368,
        "interestExpense": 99,
        "interestIncomeExpense": -64,
        "minorityInterest": -31,
        "netIncome": -381,
        "netIncomeAfterTaxes": -86,
        "nonRecurringItems": -634,
        "otherOperatingExpensesTotal": -78,
        "period": "2018-12-31",
        "pretaxIncome": -344,
        "provisionforIncomeTaxes": -258,
        "researchDevelopment": 114,
        "revenue": 2060,
        "sgaExpense": 242,
        "totalOperatingExpense": 1017,
        "totalOtherIncomeExpenseNet": 3
      },
      {
        "costOfGoodsSold": 382,
        "depreciationAmortization": 610,
        "dilutedAverageSharesOutstanding": 385,
        "dilutedEPS": 0.21,
        "ebit": 648,
        "grossIncome": 1594,
        "interestExpense": 104,
        "interestIncomeExpense": -121,
        "minorityInterest": -80,
        "netIncome": 81,
        "netIncomeAfterTaxes": 161,
        "nonRecurringItems": -150,
        "otherOperatingExpensesTotal": 27,
        "period": "2018-09-30",
        "pretaxIncome": 406,
        "provisionforIncomeTaxes": 245,
        "researchDevelopment": 60,
        "revenue": 1976,
        "sgaExpense": 249,
        "totalOperatingExpense": 946,
        "totalOtherIncomeExpenseNet": 29
      },
      {
        "costOfGoodsSold": 356,
        "depreciationAmortization": 608,
        "dilutedAverageSharesOutstanding": 385,
        "dilutedEPS": 0.51,
        "ebit": 642,
        "grossIncome": 1580,
        "interestExpense": 98,
        "interestIncomeExpense": -94,
        "minorityInterest": -74,
        "netIncome": 195,
        "netIncomeAfterTaxes": 269,
        "nonRecurringItems": -31,
        "otherOperatingExpensesTotal": 27,
        "period": "2018-06-30",
        "pretaxIncome": 508,
        "provisionforIncomeTaxes": 239,
        "researchDevelopment": 55,
        "revenue": 1936,
        "sgaExpense": 248,
        "totalOperatingExpense": 938,
        "totalOtherIncomeExpenseNet": -9
      },
      {
        "costOfGoodsSold": 349,
        "depreciationAmortization": 553,
        "dilutedAverageSharesOutstanding": 384,
        "dilutedEPS": 0.38,
        "ebit": 489,
        "grossIncome": 1384,
        "interestExpense": 105,
        "interestIncomeExpense": -97,
        "minorityInterest": -61,
        "netIncome": 145,
        "netIncomeAfterTaxes": 206,
        "nonRecurringItems": -9,
        "otherOperatingExpensesTotal": 27,
        "period": "2018-03-31",
        "pretaxIncome": 388,
        "provisionforIncomeTaxes": 182,
        "researchDevelopment": 60,
        "revenue": 1733,
        "sgaExpense": 255,
        "totalOperatingExpense": 895,
        "totalOtherIncomeExpenseNet": 5
      },
      {
        "costOfGoodsSold": 334,
        "depreciationAmortization": 573,
        "dilutedAverageSharesOutstanding": 383,
        "dilutedEPS": 1.19,
        "ebit": 431,
        "grossIncome": 1306,
        "interestExpense": 103,
        "interestIncomeExpense": -163,
        "minorityInterest": -62,
        "netIncome": 456,
        "netIncomeAfterTaxes": 631,
        "nonRecurringItems": 9,
        "otherOperatingExpensesTotal": 27,
        "period": "2017-12-31",
        "pretaxIncome": 278,
        "provisionforIncomeTaxes": -353,
        "researchDevelopment": 118,
        "revenue": 1640,
        "sgaExpense": 157,
        "totalOperatingExpense": 875,
        "totalOtherIncomeExpenseNet": 1
      },
      {
        "costOfGoodsSold": 358,
        "depreciationAmortization": 559,
        "dilutedAverageSharesOutstanding": 383,
        "dilutedEPS": 0.16,
        "ebit": 28,
        "grossIncome": 1031,
        "interestExpense": 104,
        "interestIncomeExpense": -211,
        "minorityInterest": -42,
        "netIncome": 63,
        "netIncomeAfterTaxes": 105,
        "nonRecurringItems": 276,
        "otherOperatingExpensesTotal": 30,
        "period": "2017-09-30",
        "pretaxIncome": 93,
        "provisionforIncomeTaxes": -12,
        "researchDevelopment": 231,
        "revenue": 1389,
        "sgaExpense": 183,
        "totalOperatingExpense": 1003,
        "totalOtherIncomeExpenseNet": 0
      },
      {
        "costOfGoodsSold": 372,
        "depreciationAmortization": 572,
        "dilutedAverageSharesOutstanding": 383,
        "dilutedEPS": 1.49,
        "ebit": 74,
        "grossIncome": 974,
        "interestExpense": 104,
        "interestIncomeExpense": -99,
        "minorityInterest": -41,
        "netIncome": 572,
        "netIncomeAfterTaxes": 613,
        "nonRecurringItems": -25,
        "otherOperatingExpensesTotal": 37,
        "period": "2017-06-30",
        "pretaxIncome": 9,
        "provisionforIncomeTaxes": -604,
        "researchDevelopment": 108,
        "revenue": 1346,
        "sgaExpense": 183,
        "totalOperatingExpense": 900,
        "totalOtherIncomeExpenseNet": 59
      },
      {
        "costOfGoodsSold": 336,
        "depreciationAmortization": 576,
        "dilutedAverageSharesOutstanding": 383,
        "dilutedEPS": 0.56,
        "ebit": 270,
        "grossIncome": 1176,
        "interestExpense": 104,
        "interestIncomeExpense": -99,
        "minorityInterest": -54,
        "netIncome": 213,
        "netIncomeAfterTaxes": 267,
        "nonRecurringItems": 342,
        "otherOperatingExpensesTotal": 36,
        "period": "2017-03-31",
        "pretaxIncome": 538,
        "provisionforIncomeTaxes": 271,
        "researchDevelopment": 92,
        "revenue": 1512,
        "sgaExpense": 202,
        "totalOperatingExpense": 906,
        "totalOtherIncomeExpenseNet": 25
      },
      {
        "costOfGoodsSold": 375,
        "depreciationAmortization": 623,
        "dilutedAverageSharesOutstanding": 379,
        "dilutedEPS": -0.48,
        "ebit": 93,
        "grossIncome": 1080,
        "interestExpense": 107,
        "interestIncomeExpense": -105,
        "minorityInterest": -39,
        "netIncome": -182,
        "netIncomeAfterTaxes": -143,
        "nonRecurringItems": -98,
        "otherOperatingExpensesTotal": 40,
        "period": "2016-12-31",
        "pretaxIncome": -114,
        "provisionforIncomeTaxes": 29,
        "researchDevelopment": 126,
        "revenue": 1455,
        "sgaExpense": 198,
        "totalOperatingExpense": 987,
        "totalOtherIncomeExpenseNet": -4
      },
      {
        "costOfGoodsSold": 382,
        "depreciationAmortization": 648,
        "dilutedAverageSharesOutstanding": 380,
        "dilutedEPS": -1.59,
        "ebit": 46,
        "grossIncome": 1057,
        "interestExpense": 105,
        "interestIncomeExpense": -102,
        "minorityInterest": -48,
        "netIncome": -607,
        "netIncomeAfterTaxes": -526,
        "nonRecurringItems": -843,
        "otherOperatingExpensesTotal": 40,
        "period": "2016-09-30",
        "pretaxIncome": -905,
        "provisionforIncomeTaxes": -379,
        "researchDevelopment": 161,
        "revenue": 1439,
        "sgaExpense": 162,
        "totalOperatingExpense": 1011,
        "totalOtherIncomeExpenseNet": -6
      },
      {
        "costOfGoodsSold": 359,
        "depreciationAmortization": 669,
        "dilutedAverageSharesOutstanding": 379,
        "dilutedEPS": -0.64,
        "ebit": 9,
        "grossIncome": 1027,
        "interestExpense": 106,
        "interestIncomeExpense": -104,
        "minorityInterest": -44,
        "netIncome": -244,
        "netIncomeAfterTaxes": -200,
        "nonRecurringItems": -165,
        "otherOperatingExpensesTotal": 38,
        "period": "2016-06-30",
        "pretaxIncome": -281,
        "provisionforIncomeTaxes": -81,
        "researchDevelopment": 91,
        "revenue": 1386,
        "sgaExpense": 220,
        "totalOperatingExpense": 1018,
        "totalOtherIncomeExpenseNet": -21
      },
      {
        "costOfGoodsSold": 378,
        "depreciationAmortization": 678,
        "dilutedAverageSharesOutstanding": 378,
        "dilutedEPS": -0.98,
        "ebit": -258,
        "grossIncome": 709,
        "interestExpense": 106,
        "interestIncomeExpense": -105,
        "minorityInterest": -1,
        "netIncome": -372,
        "netIncomeAfterTaxes": -371,
        "nonRecurringItems": -16,
        "otherOperatingExpensesTotal": 38,
        "period": "2016-03-31",
        "pretaxIncome": -382,
        "provisionforIncomeTaxes": -11,
        "researchDevelopment": 95,
        "revenue": 1087,
        "sgaExpense": 156,
        "totalOperatingExpense": 967,
        "totalOtherIncomeExpenseNet": -3
      },
      {
        "costOfGoodsSold": 456,
        "depreciationAmortization": 808,
        "dilutedAverageSharesOutstanding": 378,
        "dilutedEPS": -10.62,
        "ebit": -2305,
        "grossIncome": 798,
        "interestExpense": 113,
        "interestIncomeExpense": -110,
        "minorityInterest": 413,
        "netIncome": -4015,
        "netIncomeAfterTaxes": -5055,
        "nonRecurringItems": -3080,
        "otherOperatingExpensesTotal": 36,
        "period": "2015-12-31",
        "pretaxIncome": -5344,
        "provisionforIncomeTaxes": -289,
        "researchDevelopment": 2065,
        "revenue": 1254,
        "sgaExpense": 194,
        "totalOperatingExpense": 3103,
        "totalOtherIncomeExpenseNet": 151
      },
      {
        "costOfGoodsSold": 450,
        "depreciationAmortization": 872,
        "dilutedAverageSharesOutstanding": 378,
        "dilutedEPS": -10.96,
        "ebit": -227,
        "grossIncome": 1156,
        "interestExpense": 123,
        "interestIncomeExpense": -121,
        "minorityInterest": -7,
        "netIncome": -4143,
        "netIncomeAfterTaxes": -4119,
        "nonRecurringItems": -3947,
        "otherOperatingExpensesTotal": 37,
        "period": "2015-09-30",
        "pretaxIncome": -4370,
        "provisionforIncomeTaxes": -251,
        "researchDevelopment": 223,
        "revenue": 1606,
        "sgaExpense": 251,
        "totalOperatingExpense": 1383,
        "totalOtherIncomeExpenseNet": -75
      }
    ],
    "symbol": "APA"
  }
}