{
  "symbol": "HLT",
  "statement": "ic",
  "frequency": "annual",
  "timestamp": "2025-09-19T14:01:30.682401",
  "data": {
    "financials": [
      {
        "costOfGoodsSold": 6985,
        "depreciationAmortization": 146,
        "dilutedAverageSharesOutstanding": 250,
        "dilutedEPS": 6.14,
        "ebit": 2365,
        "grossIncome": 4189,
        "interestExpense": 569,
        "interestIncomeExpense": -581,
        "minorityInterest": -4,
        "netIncome": 1535,
        "netIncomeAfterTaxes": 1539,
        "nonRecurringItems": 5,
        "otherOperatingExpensesTotal": 137,
        "period": "2024-12-31",
        "pretaxIncome": 1783,
        "provisionforIncomeTaxes": 244,
        "revenue": 11174,
        "sgaExpense": 1541,
        "totalOperatingExpense": 1824,
        "totalOtherIncomeExpenseNet": -6,
        "year": 2024
      },
      {
        "costOfGoodsSold": 6164,
        "depreciationAmortization": 147,
        "dilutedAverageSharesOutstanding": 264,
        "dilutedEPS": 4.322,
        "ebit": 2263,
        "grossIncome": 4071,
        "interestExpense": 464,
        "interestIncomeExpense": -572,
        "minorityInterest": -10,
        "netIncome": 1141,
        "netIncomeAfterTaxes": 1151,
        "nonRecurringItems": -38,
        "otherOperatingExpensesTotal": 112,
        "period": "2023-12-31",
        "pretaxIncome": 1692,
        "provisionforIncomeTaxes": 541,
        "revenue": 10235,
        "sgaExpense": 1549,
        "totalOperatingExpense": 1808,
        "totalOtherIncomeExpenseNet": 39,
        "year": 2023
      },
      {
        "costOfGoodsSold": 5076,
        "depreciationAmortization": 162,
        "dilutedAverageSharesOutstanding": 277,
        "dilutedEPS": 4.53,
        "ebit": 2094,
        "grossIncome": 3697,
        "interestExpense": 415,
        "interestIncomeExpense": -410,
        "minorityInterest": -2,
        "netIncome": 1255,
        "netIncomeAfterTaxes": 1257,
        "nonRecurringItems": 0,
        "otherOperatingExpensesTotal": 60,
        "period": "2022-12-31",
        "pretaxIncome": 1734,
        "provisionforIncomeTaxes": 477,
        "revenue": 8773,
        "sgaExpense": 1381,
        "totalOperatingExpense": 1603,
        "totalOtherIncomeExpenseNet": 50,
        "year": 2022
      },
      {
        "costOfGoodsSold": 3454,
        "depreciationAmortization": 188,
        "dilutedAverageSharesOutstanding": 281,
        "dilutedEPS": 1.46,
        "ebit": 1017,
        "grossIncome": 2334,
        "interestExpense": 397,
        "interestIncomeExpense": -404,
        "minorityInterest": 3,
        "netIncome": 410,
        "netIncomeAfterTaxes": 407,
        "nonRecurringItems": -76,
        "otherOperatingExpensesTotal": 45,
        "period": "2021-12-31",
        "pretaxIncome": 560,
        "provisionforIncomeTaxes": 153,
        "revenue": 5788,
        "sgaExpense": 1084,
        "totalOperatingExpense": 1317,
        "totalOtherIncomeExpenseNet": 23,
        "year": 2021
      },
      {
        "costOfGoodsSold": 3104,
        "depreciationAmortization": 331,
        "dilutedAverageSharesOutstanding": 277,
        "dilutedEPS": -2.58,
        "ebit": -119,
        "grossIncome": 1203,
        "interestExpense": 429,
        "interestIncomeExpense": -456,
        "minorityInterest": 5,
        "netIncome": -715,
        "netIncomeAfterTaxes": -720,
        "nonRecurringItems": -347,
        "otherOperatingExpensesTotal": 60,
        "period": "2020-12-31",
        "pretaxIncome": -924,
        "provisionforIncomeTaxes": -204,
        "revenue": 4307,
        "sgaExpense": 931,
        "totalOperatingExpense": 1322,
        "totalOtherIncomeExpenseNet": -2,
        "year": 2020
      },
      {
        "costOfGoodsSold": 5763,
        "depreciationAmortization": 346,
        "dilutedAverageSharesOutstanding": 290,
        "dilutedEPS": 3.04,
        "ebit": 1576,
        "grossIncome": 3689,
        "interestExpense": 414,
        "interestIncomeExpense": -416,
        "minorityInterest": -5,
        "netIncome": 881,
        "netIncomeAfterTaxes": 886,
        "nonRecurringItems": 81,
        "otherOperatingExpensesTotal": 72,
        "period": "2019-12-31",
        "pretaxIncome": 1244,
        "provisionforIncomeTaxes": 358,
        "revenue": 9452,
        "sgaExpense": 1695,
        "totalOperatingExpense": 2113,
        "totalOtherIncomeExpenseNet": 3,
        "year": 2019
      },
      {
        "costOfGoodsSold": 5323,
        "depreciationAmortization": 325,
        "dilutedAverageSharesOutstanding": 305,
        "dilutedEPS": 2.5,
        "ebit": 1432,
        "grossIncome": 3583,
        "interestExpense": 365,
        "interestIncomeExpense": -382,
        "minorityInterest": -5,
        "netIncome": 764,
        "netIncomeAfterTaxes": 782,
        "nonRecurringItems": 0,
        "otherOperatingExpensesTotal": 51,
        "period": "2018-12-31",
        "pretaxIncome": 1078,
        "provisionforIncomeTaxes": 296,
        "revenue": 8906,
        "sgaExpense": 1775,
        "totalOperatingExpense": 2151,
        "totalOtherIncomeExpenseNet": 28,
        "year": 2018
      },
      {
        "costOfGoodsSold": 4899,
        "depreciationAmortization": 336,
        "dilutedAverageSharesOutstanding": 327,
        "dilutedEPS": 3.31,
        "ebit": 1132,
        "grossIncome": 3232,
        "interestExpense": 325,
        "interestIncomeExpense": -348,
        "minorityInterest": -5,
        "netIncome": 1084,
        "netIncomeAfterTaxes": 489,
        "nonRecurringItems": -60,
        "otherOperatingExpensesTotal": 56,
        "period": "2017-12-31",
        "pretaxIncome": 753,
        "provisionforIncomeTaxes": 264,
        "revenue": 8131,
        "sgaExpense": 1708,
        "totalOperatingExpense": 2100,
        "totalOtherIncomeExpenseNet": 29,
        "year": 2017
      },
      {
        "costOfGoodsSold": 3609,
        "depreciationAmortization": 353,
        "dilutedAverageSharesOutstanding": 329,
        "dilutedEPS": 1.02,
        "ebit": 860,
        "grossIncome": 2967,
        "interestExpense": 334,
        "interestIncomeExpense": -350,
        "minorityInterest": -16,
        "netIncome": 338,
        "netIncomeAfterTaxes": -17,
        "nonRecurringItems": 8,
        "otherOperatingExpensesTotal": 66,
        "period": "2016-12-31",
        "pretaxIncome": 540,
        "provisionforIncomeTaxes": 557,
        "revenue": 6576,
        "sgaExpense": 1688,
        "totalOperatingExpense": 2107,
        "totalOtherIncomeExpenseNet": 22,
        "year": 2016
      },
      {
        "costOfGoodsSold": 4011,
        "depreciationAmortization": 385,
        "dilutedAverageSharesOutstanding": 330,
        "dilutedEPS": 4.25,
        "ebit": 737,
        "grossIncome": 3122,
        "interestExpense": 377,
        "interestIncomeExpense": -418,
        "minorityInterest": -12,
        "netIncome": 1404,
        "netIncomeAfterTaxes": 881,
        "nonRecurringItems": 163,
        "otherOperatingExpensesTotal": 49,
        "period": "2015-12-31",
        "pretaxIncome": 533,
        "provisionforIncomeTaxes": -348,
        "revenue": 7133,
        "sgaExpense": 1951,
        "totalOperatingExpense": 2385,
        "totalOtherIncomeExpenseNet": 51,
        "year": 2015
      }
    ],
    "symbol": "HLT"
  }
}