{
  "symbol": "NXPI",
  "statement": "ic",
  "frequency": "quarterly",
  "timestamp": "2025-09-19T14:04:56.263325",
  "data": {
    "financials": [
      {
        "costOfGoodsSold": 1295,
        "depreciationAmortization": 25,
        "dilutedAverageSharesOutstanding": 253.844,
        "dilutedEPS": 1.75,
        "ebit": 784,
        "equityEarningsAffiliates": -28,
        "grossIncome": 1631,
        "interestExpense": 115,
        "interestIncomeExpense": -86,
        "minorityInterest": -12,
        "netIncome": 445,
        "netIncomeAfterTaxes": 485,
        "nonRecurringItems": -97,
        "otherOperatingExpensesTotal": -1,
        "period": "2025-06-29",
        "pretaxIncome": 601,
        "provisionforIncomeTaxes": 116,
        "researchDevelopment": 563,
        "revenue": 2926,
        "sgaExpense": 260,
        "totalOperatingExpense": 847
      },
      {
        "costOfGoodsSold": 1268,
        "depreciationAmortization": 27,
        "dilutedAverageSharesOutstanding": 255.018,
        "dilutedEPS": 1.92,
        "ebit": 761,
        "equityEarningsAffiliates": -4,
        "grossIncome": 1567,
        "interestExpense": 106,
        "interestIncomeExpense": -71,
        "minorityInterest": -7,
        "netIncome": 490,
        "netIncomeAfterTaxes": 501,
        "nonRecurringItems": -38,
        "otherOperatingExpensesTotal": -18,
        "period": "2025-03-30",
        "pretaxIncome": 631,
        "provisionforIncomeTaxes": 130,
        "researchDevelopment": 539,
        "revenue": 2835,
        "sgaExpense": 258,
        "totalOperatingExpense": 806,
        "totalOtherIncomeExpenseNet": -21
      },
      {
        "costOfGoodsSold": 1348,
        "depreciationAmortization": 28,
        "dilutedAverageSharesOutstanding": 256.114,
        "dilutedEPS": 1.93,
        "ebit": 908,
        "equityEarningsAffiliates": -2,
        "grossIncome": 1763,
        "interestExpense": 100,
        "interestIncomeExpense": -65,
        "minorityInterest": -10,
        "netIncome": 495,
        "netIncomeAfterTaxes": 507,
        "nonRecurringItems": -233,
        "period": "2024-12-31",
        "pretaxIncome": 584,
        "provisionforIncomeTaxes": 77,
        "researchDevelopment": 557,
        "revenue": 3111,
        "sgaExpense": 270,
        "totalOperatingExpense": 855,
        "totalOtherIncomeExpenseNet": -26
      },
      {
        "costOfGoodsSold": 1384,
        "depreciationAmortization": 29,
        "dilutedAverageSharesOutstanding": 257.717,
        "dilutedEPS": 2.79,
        "ebit": 992,
        "equityEarningsAffiliates": -6,
        "grossIncome": 1866,
        "interestExpense": 96,
        "interestIncomeExpense": -60,
        "minorityInterest": -11,
        "netIncome": 718,
        "netIncomeAfterTaxes": 735,
        "nonRecurringItems": -2,
        "otherOperatingExpensesTotal": 5,
        "period": "2024-09-29",
        "pretaxIncome": 908,
        "provisionforIncomeTaxes": 173,
        "researchDevelopment": 577,
        "revenue": 3250,
        "sgaExpense": 263,
        "totalOperatingExpense": 874,
        "totalOtherIncomeExpenseNet": -22
      },
      {
        "costOfGoodsSold": 1321,
        "depreciationAmortization": 28,
        "dilutedAverageSharesOutstanding": 258.732,
        "dilutedEPS": 2.54,
        "ebit": 914,
        "equityEarningsAffiliates": -3,
        "grossIncome": 1806,
        "interestExpense": 97,
        "interestIncomeExpense": -58,
        "minorityInterest": -6,
        "netIncome": 658,
        "netIncomeAfterTaxes": 667,
        "nonRecurringItems": -18,
        "otherOperatingExpensesTotal": 4,
        "period": "2024-06-30",
        "pretaxIncome": 821,
        "provisionforIncomeTaxes": 154,
        "researchDevelopment": 590,
        "revenue": 3127,
        "sgaExpense": 270,
        "totalOperatingExpense": 892,
        "totalOtherIncomeExpenseNet": -17
      },
      {
        "costOfGoodsSold": 1335,
        "depreciationAmortization": 51,
        "dilutedAverageSharesOutstanding": 258.954,
        "dilutedEPS": 2.47,
        "ebit": 898,
        "equityEarningsAffiliates": -1,
        "grossIncome": 1791,
        "interestExpense": 105,
        "interestIncomeExpense": -55,
        "minorityInterest": -5,
        "netIncome": 639,
        "netIncomeAfterTaxes": 645,
        "nonRecurringItems": -42,
        "otherOperatingExpensesTotal": 6,
        "period": "2024-03-31",
        "pretaxIncome": 786,
        "provisionforIncomeTaxes": 141,
        "researchDevelopment": 560,
        "revenue": 3126,
        "sgaExpense": 276,
        "totalOperatingExpense": 893,
        "totalOtherIncomeExpenseNet": -15
      },
      {
        "costOfGoodsSold": 1472,
        "depreciationAmortization": 63,
        "dilutedAverageSharesOutstanding": 260.482,
        "dilutedEPS": 2.68,
        "ebit": 991,
        "equityEarningsAffiliates": -2,
        "grossIncome": 1950,
        "interestExpense": 109,
        "interestIncomeExpense": -56,
        "minorityInterest": -6,
        "netIncome": 697,
        "netIncomeAfterTaxes": 705,
        "nonRecurringItems": -84,
        "otherOperatingExpensesTotal": 5,
        "period": "2023-12-31",
        "pretaxIncome": 829,
        "provisionforIncomeTaxes": 124,
        "researchDevelopment": 602,
        "revenue": 3422,
        "sgaExpense": 289,
        "totalOperatingExpense": 959,
        "totalOtherIncomeExpenseNet": -22
      },
      {
        "costOfGoodsSold": 1469,
        "depreciationAmortization": 71,
        "dilutedAverageSharesOutstanding": 261.095,
        "dilutedEPS": 3.01,
        "ebit": 988,
        "equityEarningsAffiliates": -2,
        "grossIncome": 1965,
        "interestExpense": 109,
        "interestIncomeExpense": -60,
        "minorityInterest": -5,
        "netIncome": 787,
        "netIncomeAfterTaxes": 794,
        "nonRecurringItems": 4,
        "otherOperatingExpensesTotal": 7,
        "period": "2023-10-01",
        "pretaxIncome": 917,
        "provisionforIncomeTaxes": 123,
        "researchDevelopment": 605,
        "revenue": 3434,
        "sgaExpense": 294,
        "totalOperatingExpense": 977,
        "totalOtherIncomeExpenseNet": -15
      },
      {
        "costOfGoodsSold": 1418,
        "depreciationAmortization": 81,
        "dilutedAverageSharesOutstanding": 261.303,
        "dilutedEPS": 2.67,
        "ebit": 937,
        "equityEarningsAffiliates": -1,
        "grossIncome": 1881,
        "interestExpense": 109,
        "interestIncomeExpense": -66,
        "minorityInterest": -6,
        "netIncome": 698,
        "netIncomeAfterTaxes": 705,
        "nonRecurringItems": 0,
        "otherOperatingExpensesTotal": 0,
        "period": "2023-07-02",
        "pretaxIncome": 863,
        "provisionforIncomeTaxes": 158,
        "researchDevelopment": 589,
        "revenue": 3299,
        "sgaExpense": 274,
        "totalOperatingExpense": 944,
        "totalOtherIncomeExpenseNet": -8
      },
      {
        "costOfGoodsSold": 1353,
        "depreciationAmortization": 85,
        "dilutedAverageSharesOutstanding": 261.21,
        "dilutedEPS": 2.35,
        "ebit": 843,
        "equityEarningsAffiliates": -2,
        "grossIncome": 1768,
        "interestExpense": 111,
        "interestIncomeExpense": -69,
        "minorityInterest": -8,
        "netIncome": 615,
        "netIncomeAfterTaxes": 625,
        "nonRecurringItems": -18,
        "otherOperatingExpensesTotal": 3,
        "period": "2023-04-02",
        "pretaxIncome": 743,
        "provisionforIncomeTaxes": 118,
        "researchDevelopment": 563,
        "revenue": 3121,
        "sgaExpense": 274,
        "totalOperatingExpense": 925,
        "totalOtherIncomeExpenseNet": -13
      },
      {
        "costOfGoodsSold": 1421,
        "depreciationAmortization": 109,
        "dilutedAverageSharesOutstanding": 261.698,
        "dilutedEPS": 2.76,
        "ebit": 982,
        "equityEarningsAffiliates": -6,
        "grossIncome": 1891,
        "interestExpense": 108,
        "interestIncomeExpense": -95,
        "minorityInterest": -12,
        "netIncome": 722,
        "netIncomeAfterTaxes": 740,
        "nonRecurringItems": -2,
        "otherOperatingExpensesTotal": 1,
        "period": "2022-12-31",
        "pretaxIncome": 877,
        "provisionforIncomeTaxes": 137,
        "researchDevelopment": 540,
        "revenue": 3312,
        "sgaExpense": 259,
        "totalOperatingExpense": 909,
        "totalOtherIncomeExpenseNet": -8
      },
      {
        "costOfGoodsSold": 1478,
        "depreciationAmortization": 131,
        "dilutedAverageSharesOutstanding": 264.705,
        "dilutedEPS": 2.79,
        "ebit": 1001,
        "equityEarningsAffiliates": -4,
        "grossIncome": 1967,
        "interestExpense": 109,
        "interestIncomeExpense": -89,
        "minorityInterest": -12,
        "netIncome": 738,
        "netIncomeAfterTaxes": 754,
        "nonRecurringItems": 0,
        "otherOperatingExpensesTotal": -2,
        "period": "2022-10-02",
        "pretaxIncome": 903,
        "provisionforIncomeTaxes": 149,
        "researchDevelopment": 548,
        "revenue": 3445,
        "sgaExpense": 289,
        "totalOperatingExpense": 966,
        "totalOtherIncomeExpenseNet": -9
      },
      {
        "costOfGoodsSold": 1427,
        "depreciationAmortization": 134,
        "dilutedAverageSharesOutstanding": 264.692,
        "dilutedEPS": 2.53,
        "ebit": 947,
        "equityEarningsAffiliates": -3,
        "grossIncome": 1885,
        "interestExpense": 106,
        "interestIncomeExpense": -97,
        "minorityInterest": -13,
        "netIncome": 670,
        "netIncomeAfterTaxes": 686,
        "nonRecurringItems": -22,
        "otherOperatingExpensesTotal": -2,
        "period": "2022-07-03",
        "pretaxIncome": 815,
        "provisionforIncomeTaxes": 129,
        "researchDevelopment": 541,
        "revenue": 3312,
        "sgaExpense": 265,
        "totalOperatingExpense": 938,
        "totalOtherIncomeExpenseNet": -13
      },
      {
        "costOfGoodsSold": 1359,
        "depreciationAmortization": 135,
        "dilutedAverageSharesOutstanding": 265.109,
        "dilutedEPS": 2.48,
        "ebit": 874,
        "equityEarningsAffiliates": 12,
        "grossIncome": 1777,
        "interestExpense": 104,
        "interestIncomeExpense": -102,
        "minorityInterest": -9,
        "netIncome": 657,
        "netIncomeAfterTaxes": 654,
        "nonRecurringItems": -1,
        "otherOperatingExpensesTotal": 0,
        "period": "2022-04-03",
        "pretaxIncome": 768,
        "provisionforIncomeTaxes": 114,
        "researchDevelopment": 517,
        "revenue": 3136,
        "sgaExpense": 251,
        "totalOperatingExpense": 903,
        "totalOtherIncomeExpenseNet": -3
      },
      {
        "costOfGoodsSold": 1332,
        "depreciationAmortization": 136,
        "dilutedAverageSharesOutstanding": 268.926,
        "dilutedEPS": 2.24,
        "ebit": 807,
        "equityEarningsAffiliates": -2,
        "grossIncome": 1707,
        "interestExpense": 96,
        "interestIncomeExpense": -93,
        "minorityInterest": -8,
        "netIncome": 602,
        "netIncomeAfterTaxes": 612,
        "nonRecurringItems": -22,
        "otherOperatingExpensesTotal": 0,
        "period": "2021-12-31",
        "pretaxIncome": 684,
        "provisionforIncomeTaxes": 72,
        "researchDevelopment": 507,
        "revenue": 3039,
        "sgaExpense": 257,
        "totalOperatingExpense": 900,
        "totalOtherIncomeExpenseNet": -8
      },
      {
        "costOfGoodsSold": 1278,
        "depreciationAmortization": 137,
        "dilutedAverageSharesOutstanding": 271.359,
        "dilutedEPS": 1.91,
        "ebit": 711,
        "equityEarningsAffiliates": 3,
        "grossIncome": 1583,
        "interestExpense": 96,
        "interestIncomeExpense": -92,
        "minorityInterest": -7,
        "netIncome": 519,
        "netIncomeAfterTaxes": 523,
        "nonRecurringItems": 0,
        "otherOperatingExpensesTotal": 0,
        "period": "2021-10-03",
        "pretaxIncome": 618,
        "provisionforIncomeTaxes": 95,
        "researchDevelopment": 492,
        "revenue": 2861,
        "sgaExpense": 243,
        "totalOperatingExpense": 872,
        "totalOtherIncomeExpenseNet": -1
      },
      {
        "costOfGoodsSold": 1174,
        "depreciationAmortization": 139,
        "dilutedAverageSharesOutstanding": 278.735,
        "dilutedEPS": 1.42,
        "ebit": 574,
        "equityEarningsAffiliates": -2,
        "grossIncome": 1422,
        "interestExpense": 90,
        "interestIncomeExpense": -90,
        "minorityInterest": -9,
        "netIncome": 397,
        "netIncomeAfterTaxes": 408,
        "nonRecurringItems": -1,
        "otherOperatingExpensesTotal": 0,
        "period": "2021-07-04",
        "pretaxIncome": 473,
        "provisionforIncomeTaxes": 65,
        "researchDevelopment": 475,
        "revenue": 2596,
        "sgaExpense": 234,
        "totalOperatingExpense": 848,
        "totalOtherIncomeExpenseNet": -10
      },
      {
        "costOfGoodsSold": 1212,
        "depreciationAmortization": 180,
        "dilutedAverageSharesOutstanding": 283.263,
        "dilutedEPS": 1.25,
        "ebit": 492,
        "equityEarningsAffiliates": -1,
        "grossIncome": 1355,
        "interestExpense": 87,
        "interestIncomeExpense": -85,
        "minorityInterest": -11,
        "netIncome": 353,
        "netIncomeAfterTaxes": 365,
        "nonRecurringItems": 0,
        "period": "2021-04-04",
        "pretaxIncome": 405,
        "provisionforIncomeTaxes": 40,
        "researchDevelopment": 461,
        "revenue": 2567,
        "sgaExpense": 222,
        "totalOperatingExpense": 863,
        "totalOtherIncomeExpenseNet": -2
      },
      {
        "costOfGoodsSold": 1219,
        "depreciationAmortization": 148,
        "dilutedAverageSharesOutstanding": 296.703,
        "dilutedEPS": 1.04,
        "ebit": 501,
        "equityEarningsAffiliates": -1,
        "grossIncome": 1288,
        "interestExpense": 86,
        "interestIncomeExpense": -94,
        "minorityInterest": -11,
        "netIncome": 309,
        "netIncomeAfterTaxes": 321,
        "nonRecurringItems": -98,
        "otherOperatingExpensesTotal": -4,
        "period": "2020-12-31",
        "pretaxIncome": 326,
        "provisionforIncomeTaxes": 5,
        "researchDevelopment": 438,
        "revenue": 2507,
        "sgaExpense": 205,
        "totalOperatingExpense": 787,
        "totalOtherIncomeExpenseNet": 17
      },
      {
        "costOfGoodsSold": 1165,
        "depreciationAmortization": 418,
        "dilutedAverageSharesOutstanding": 279.467,
        "dilutedEPS": -0.08,
        "ebit": 53,
        "equityEarningsAffiliates": -1,
        "grossIncome": 1102,
        "interestExpense": 100,
        "interestIncomeExpense": -102,
        "minorityInterest": -4,
        "netIncome": -22,
        "netIncomeAfterTaxes": -17,
        "nonRecurringItems": -21,
        "otherOperatingExpensesTotal": -1,
        "period": "2020-09-27",
        "pretaxIncome": -74,
        "provisionforIncomeTaxes": -57,
        "researchDevelopment": 431,
        "revenue": 2267,
        "sgaExpense": 201,
        "totalOperatingExpense": 1049,
        "totalOtherIncomeExpenseNet": -4
      },
      {
        "costOfGoodsSold": 957,
        "depreciationAmortization": 380,
        "dilutedAverageSharesOutstanding": 279.142,
        "dilutedEPS": -0.77,
        "ebit": -137,
        "equityEarningsAffiliates": -1,
        "grossIncome": 860,
        "interestExpense": 94,
        "interestIncomeExpense": -95,
        "minorityInterest": -5,
        "netIncome": -214,
        "netIncomeAfterTaxes": -208,
        "nonRecurringItems": -8,
        "otherOperatingExpensesTotal": 1,
        "period": "2020-06-28",
        "pretaxIncome": -241,
        "provisionforIncomeTaxes": -33,
        "researchDevelopment": 396,
        "revenue": 1817,
        "sgaExpense": 220,
        "totalOperatingExpense": 997,
        "totalOtherIncomeExpenseNet": -1
      },
      {
        "costOfGoodsSold": 1021,
        "depreciationAmortization": 381,
        "dilutedAverageSharesOutstanding": 279.933,
        "dilutedEPS": -0.08,
        "ebit": -26,
        "equityEarningsAffiliates": -1,
        "grossIncome": 1000,
        "interestExpense": 82,
        "interestIncomeExpense": -74,
        "minorityInterest": -8,
        "netIncome": -21,
        "netIncomeAfterTaxes": -12,
        "nonRecurringItems": 94,
        "period": "2020-03-29",
        "pretaxIncome": -10,
        "provisionforIncomeTaxes": 2,
        "researchDevelopment": 421,
        "revenue": 2021,
        "sgaExpense": 224,
        "totalOperatingExpense": 1026,
        "totalOtherIncomeExpenseNet": -4
      },
      {
        "costOfGoodsSold": 1091,
        "depreciationAmortization": 365,
        "dilutedAverageSharesOutstanding": 286.187,
        "dilutedEPS": 0.4,
        "ebit": 213,
        "equityEarningsAffiliates": -1,
        "grossIncome": 1210,
        "interestExpense": 96,
        "interestIncomeExpense": -90,
        "minorityInterest": -9,
        "netIncome": 114,
        "netIncomeAfterTaxes": 124,
        "nonRecurringItems": -16,
        "otherOperatingExpensesTotal": -2,
        "period": "2019-12-31",
        "pretaxIncome": 104,
        "provisionforIncomeTaxes": -20,
        "researchDevelopment": 420,
        "revenue": 2301,
        "sgaExpense": 214,
        "totalOperatingExpense": 997,
        "totalOtherIncomeExpenseNet": -3
      },
      {
        "costOfGoodsSold": 1079,
        "depreciationAmortization": 358,
        "dilutedAverageSharesOutstanding": 283.518,
        "dilutedEPS": 0.38,
        "ebit": 238,
        "equityEarningsAffiliates": -1,
        "grossIncome": 1186,
        "interestExpense": 98,
        "interestIncomeExpense": -80,
        "minorityInterest": -10,
        "netIncome": 109,
        "netIncomeAfterTaxes": 120,
        "nonRecurringItems": -6,
        "otherOperatingExpensesTotal": -22,
        "period": "2019-09-29",
        "pretaxIncome": 148,
        "provisionforIncomeTaxes": 28,
        "researchDevelopment": 395,
        "revenue": 2265,
        "sgaExpense": 217,
        "totalOperatingExpense": 948,
        "totalOtherIncomeExpenseNet": -4
      },
      {
        "costOfGoodsSold": 1066,
        "depreciationAmortization": 355,
        "dilutedAverageSharesOutstanding": 285.088,
        "dilutedEPS": 0.14,
        "ebit": 172,
        "equityEarningsAffiliates": -1,
        "grossIncome": 1151,
        "interestExpense": 89,
        "interestIncomeExpense": -78,
        "minorityInterest": -5,
        "netIncome": 41,
        "netIncomeAfterTaxes": 47,
        "nonRecurringItems": -25,
        "otherOperatingExpensesTotal": 1,
        "period": "2019-06-30",
        "pretaxIncome": 68,
        "provisionforIncomeTaxes": 21,
        "researchDevelopment": 401,
        "revenue": 2217,
        "sgaExpense": 222,
        "totalOperatingExpense": 979,
        "totalOtherIncomeExpenseNet": -1
      },
      {
        "costOfGoodsSold": 1018,
        "depreciationAmortization": 357,
        "dilutedAverageSharesOutstanding": 287.227,
        "dilutedEPS": -0.07,
        "ebit": 79,
        "equityEarningsAffiliates": 4,
        "grossIncome": 1076,
        "interestExpense": 87,
        "interestIncomeExpense": -80,
        "minorityInterest": -5,
        "netIncome": -21,
        "netIncomeAfterTaxes": -20,
        "nonRecurringItems": -25,
        "otherOperatingExpensesTotal": -2,
        "period": "2019-03-31",
        "pretaxIncome": -29,
        "provisionforIncomeTaxes": -9,
        "researchDevelopment": 404,
        "revenue": 2094,
        "sgaExpense": 238,
        "totalOperatingExpense": 997,
        "totalOtherIncomeExpenseNet": -3
      },
      {
        "costOfGoodsSold": 1159,
        "depreciationAmortization": 364,
        "dilutedAverageSharesOutstanding": 292.811,
        "dilutedEPS": 0.93,
        "ebit": 240,
        "equityEarningsAffiliates": 1,
        "grossIncome": 1244,
        "interestExpense": 76,
        "interestIncomeExpense": -79,
        "minorityInterest": -13,
        "netIncome": 276,
        "netIncomeAfterTaxes": 285,
        "nonRecurringItems": -16,
        "otherOperatingExpensesTotal": 1,
        "period": "2018-12-31",
        "pretaxIncome": 147,
        "provisionforIncomeTaxes": -138,
        "researchDevelopment": 400,
        "revenue": 2403,
        "sgaExpense": 239,
        "totalOperatingExpense": 1004,
        "totalOtherIncomeExpenseNet": 2
      },
      {
        "costOfGoodsSold": 1181,
        "depreciationAmortization": 362,
        "dilutedAverageSharesOutstanding": 325.267,
        "dilutedEPS": 5.6,
        "ebit": 302,
        "equityEarningsAffiliates": 52,
        "grossIncome": 1264,
        "interestExpense": 61,
        "interestIncomeExpense": -49,
        "minorityInterest": -13,
        "netIncome": 1820,
        "netIncomeAfterTaxes": 1781,
        "nonRecurringItems": 1849,
        "otherOperatingExpensesTotal": -41,
        "period": "2018-09-30",
        "pretaxIncome": 2092,
        "provisionforIncomeTaxes": 311,
        "researchDevelopment": 415,
        "revenue": 2445,
        "sgaExpense": 226,
        "totalOperatingExpense": 962,
        "totalOtherIncomeExpenseNet": -10
      },
      {
        "costOfGoodsSold": 1108,
        "depreciationAmortization": 363,
        "dilutedAverageSharesOutstanding": 347.027,
        "dilutedEPS": 0.16,
        "ebit": 161,
        "equityEarningsAffiliates": 4,
        "grossIncome": 1182,
        "interestExpense": 61,
        "interestIncomeExpense": -44,
        "minorityInterest": -12,
        "netIncome": 54,
        "netIncomeAfterTaxes": 62,
        "nonRecurringItems": -50,
        "otherOperatingExpensesTotal": 1,
        "period": "2018-07-01",
        "pretaxIncome": 66,
        "provisionforIncomeTaxes": 4,
        "researchDevelopment": 436,
        "revenue": 2290,
        "sgaExpense": 221,
        "totalOperatingExpense": 1021,
        "totalOtherIncomeExpenseNet": -1
      },
      {
        "costOfGoodsSold": 1097,
        "depreciationAmortization": 360,
        "dilutedAverageSharesOutstanding": 346.899,
        "dilutedEPS": 0.17,
        "ebit": 165,
        "equityEarningsAffiliates": 2,
        "grossIncome": 1172,
        "interestExpense": 75,
        "interestIncomeExpense": -67,
        "minorityInterest": -12,
        "netIncome": 58,
        "netIncomeAfterTaxes": 68,
        "nonRecurringItems": -27,
        "otherOperatingExpensesTotal": 0,
        "period": "2018-04-01",
        "pretaxIncome": 70,
        "provisionforIncomeTaxes": 2,
        "researchDevelopment": 425,
        "revenue": 2269,
        "sgaExpense": 222,
        "totalOperatingExpense": 1007,
        "totalOtherIncomeExpenseNet": -1
      },
      {
        "costOfGoodsSold": 1214,
        "depreciationAmortization": 420,
        "dilutedAverageSharesOutstanding": 347.569,
        "dilutedEPS": 2.16,
        "ebit": 169,
        "equityEarningsAffiliates": 8,
        "grossIncome": 1242,
        "interestExpense": 73,
        "interestIncomeExpense": -69,
        "minorityInterest": -15,
        "netIncome": 753,
        "netIncomeAfterTaxes": 26,
        "nonRecurringItems": 41,
        "otherOperatingExpensesTotal": 2,
        "period": "2017-12-31",
        "pretaxIncome": 131,
        "provisionforIncomeTaxes": 105,
        "researchDevelopment": 414,
        "revenue": 2456,
        "sgaExpense": 237,
        "totalOperatingExpense": 1073,
        "totalOtherIncomeExpenseNet": -10
      },
      {
        "costOfGoodsSold": 1171,
        "depreciationAmortization": 363,
        "dilutedAverageSharesOutstanding": 346.152,
        "dilutedEPS": 0.31,
        "ebit": 211,
        "equityEarningsAffiliates": 6,
        "grossIncome": 1216,
        "interestExpense": 76,
        "interestIncomeExpense": -76,
        "minorityInterest": -15,
        "netIncome": 108,
        "netIncomeAfterTaxes": 117,
        "nonRecurringItems": -48,
        "otherOperatingExpensesTotal": 5,
        "period": "2017-10-01",
        "pretaxIncome": 87,
        "provisionforIncomeTaxes": -30,
        "researchDevelopment": 391,
        "revenue": 2387,
        "sgaExpense": 246,
        "totalOperatingExpense": 1005,
        "totalOtherIncomeExpenseNet": 0
      },
      {
        "costOfGoodsSold": 1118,
        "depreciationAmortization": 371,
        "dilutedAverageSharesOutstanding": 344.983,
        "dilutedEPS": 0.14,
        "ebit": 89,
        "equityEarningsAffiliates": 34,
        "grossIncome": 1084,
        "interestExpense": 75,
        "interestIncomeExpense": -74,
        "minorityInterest": -14,
        "netIncome": 49,
        "netIncomeAfterTaxes": 29,
        "nonRecurringItems": -39,
        "otherOperatingExpensesTotal": 16,
        "period": "2017-07-02",
        "pretaxIncome": -25,
        "provisionforIncomeTaxes": -54,
        "researchDevelopment": 381,
        "revenue": 2202,
        "sgaExpense": 227,
        "totalOperatingExpense": 995,
        "totalOtherIncomeExpenseNet": -1
      },
      {
        "costOfGoodsSold": 1131,
        "depreciationAmortization": 365,
        "dilutedAverageSharesOutstanding": 344.011,
        "dilutedEPS": 3.79,
        "ebit": 1701,
        "equityEarningsAffiliates": 5,
        "grossIncome": 1080,
        "interestExpense": 86,
        "interestIncomeExpense": -94,
        "minorityInterest": -13,
        "netIncome": 1305,
        "netIncomeAfterTaxes": 1313,
        "nonRecurringItems": -63,
        "otherOperatingExpensesTotal": -1598,
        "period": "2017-04-02",
        "pretaxIncome": 1543,
        "provisionforIncomeTaxes": 230,
        "researchDevelopment": 378,
        "revenue": 2211,
        "sgaExpense": 234,
        "totalOperatingExpense": -621,
        "totalOtherIncomeExpenseNet": -1
      },
      {
        "costOfGoodsSold": 1250,
        "depreciationAmortization": 363,
        "dilutedAverageSharesOutstanding": 371.37,
        "dilutedEPS": 1.4,
        "ebit": 215,
        "equityEarningsAffiliates": 4,
        "grossIncome": 1190,
        "interestExpense": 100,
        "interestIncomeExpense": -95,
        "minorityInterest": -17,
        "netIncome": 520,
        "netIncomeAfterTaxes": 533,
        "nonRecurringItems": -42,
        "otherOperatingExpensesTotal": -1,
        "period": "2016-12-31",
        "pretaxIncome": 77,
        "provisionforIncomeTaxes": -456,
        "researchDevelopment": 363,
        "revenue": 2440,
        "sgaExpense": 250,
        "totalOperatingExpense": 975,
        "totalOtherIncomeExpenseNet": -1
      },
      {
        "costOfGoodsSold": 1282,
        "depreciationAmortization": 361,
        "dilutedAverageSharesOutstanding": 344.365,
        "dilutedEPS": 0.26,
        "ebit": 191,
        "equityEarningsAffiliates": 5,
        "grossIncome": 1187,
        "interestExpense": 100,
        "interestIncomeExpense": -99,
        "minorityInterest": -17,
        "netIncome": 91,
        "netIncomeAfterTaxes": 103,
        "nonRecurringItems": -23,
        "otherOperatingExpensesTotal": 0,
        "period": "2016-10-02",
        "pretaxIncome": 59,
        "provisionforIncomeTaxes": -44,
        "researchDevelopment": 380,
        "revenue": 2469,
        "sgaExpense": 255,
        "totalOperatingExpense": 996,
        "totalOtherIncomeExpenseNet": -10
      },
      {
        "costOfGoodsSold": 1256,
        "depreciationAmortization": 359,
        "dilutedAverageSharesOutstanding": 341.299,
        "dilutedEPS": -0.04,
        "ebit": 102,
        "equityEarningsAffiliates": 1,
        "grossIncome": 1109,
        "interestExpense": 101,
        "interestIncomeExpense": -103,
        "minorityInterest": -14,
        "netIncome": -13,
        "netIncomeAfterTaxes": 0,
        "nonRecurringItems": -151,
        "otherOperatingExpensesTotal": -10,
        "period": "2016-07-03",
        "pretaxIncome": -152,
        "provisionforIncomeTaxes": -152,
        "researchDevelopment": 384,
        "revenue": 2365,
        "sgaExpense": 274,
        "totalOperatingExpense": 1007,
        "totalOtherIncomeExpenseNet": 0
      },
      {
        "costOfGoodsSold": 1623,
        "depreciationAmortization": 367,
        "dilutedAverageSharesOutstanding": 341.83,
        "dilutedEPS": -1.16,
        "ebit": -446,
        "equityEarningsAffiliates": 1,
        "grossIncome": 601,
        "interestExpense": 107,
        "interestIncomeExpense": -115,
        "minorityInterest": -11,
        "netIncome": -398,
        "netIncomeAfterTaxes": -388,
        "nonRecurringItems": -25,
        "otherOperatingExpensesTotal": 2,
        "period": "2016-04-03",
        "pretaxIncome": -587,
        "provisionforIncomeTaxes": -199,
        "researchDevelopment": 392,
        "revenue": 2224,
        "sgaExpense": 286,
        "totalOperatingExpense": 1047,
        "totalOtherIncomeExpenseNet": -1
      },
      {
        "costOfGoodsSold": 972,
        "depreciationAmortization": 223,
        "dilutedAverageSharesOutstanding": 271.749,
        "dilutedEPS": 3.58,
        "ebit": 1282,
        "equityEarningsAffiliates": 2,
        "grossIncome": 634,
        "interestExpense": 78,
        "interestIncomeExpense": -108,
        "minorityInterest": -17,
        "netIncome": 972,
        "netIncomeAfterTaxes": 987,
        "nonRecurringItems": -269,
        "otherOperatingExpensesTotal": -1258,
        "period": "2015-12-31",
        "pretaxIncome": 839,
        "provisionforIncomeTaxes": -148,
        "researchDevelopment": 238,
        "revenue": 1606,
        "sgaExpense": 149,
        "totalOperatingExpense": -648,
        "totalOtherIncomeExpenseNet": -66
      },
      {
        "costOfGoodsSold": 779,
        "dilutedAverageSharesOutstanding": 242.122,
        "dilutedEPS": 1.49,
        "ebit": 378,
        "equityEarningsAffiliates": 3,
        "grossIncome": 743,
        "interestExpense": 55,
        "interestIncomeExpense": -47,
        "minorityInterest": -18,
        "netIncome": 361,
        "netIncomeAfterTaxes": 376,
        "nonRecurringItems": -3,
        "otherOperatingExpensesTotal": -4,
        "period": "2015-10-04",
        "pretaxIncome": 391,
        "provisionforIncomeTaxes": 15,
        "researchDevelopment": 179,
        "revenue": 1522,
        "sgaExpense": 190,
        "totalOperatingExpense": 365,
        "totalOtherIncomeExpenseNet": 63
      }
    ],
    "symbol": "NXPI"
  }
}