{
  "symbol": "FE",
  "statement": "ic",
  "frequency": "annual",
  "timestamp": "2025-09-19T14:00:32.980448",
  "data": {
    "financials": [
      {
        "costOfGoodsSold": 3912,
        "depreciationAmortization": 1581,
        "dilutedAverageSharesOutstanding": 577,
        "dilutedEPS": 1.695,
        "ebit": 2375,
        "grossIncome": 9560,
        "interestExpense": 1011,
        "interestIncomeExpense": -929,
        "minorityInterest": -149,
        "netIncome": 978,
        "netIncomeAfterTaxes": 1127,
        "nonRecurringItems": -107,
        "otherOperatingExpensesTotal": 5140,
        "otherRevenue": 348,
        "period": "2024-12-31",
        "pretaxIncome": 1504,
        "provisionforIncomeTaxes": 377,
        "purchasedFuelPowerGas": 464,
        "revenue": 13472,
        "totalOperatingExpense": 7185,
        "totalOtherIncomeExpenseNet": 165,
        "year": 2024
      },
      {
        "costOfGoodsSold": 4108,
        "depreciationAmortization": 1461,
        "dilutedAverageSharesOutstanding": 574,
        "dilutedEPS": 1.91,
        "ebit": 2266,
        "grossIncome": 8762,
        "interestExpense": 1027,
        "interestIncomeExpense": -852,
        "minorityInterest": -74,
        "netIncome": 1102,
        "netIncomeAfterTaxes": 1197,
        "nonRecurringItems": -114,
        "otherOperatingExpensesTotal": 4497,
        "otherRevenue": 416,
        "period": "2023-12-31",
        "pretaxIncome": 1464,
        "provisionforIncomeTaxes": 267,
        "purchasedFuelPowerGas": 538,
        "revenue": 12870,
        "totalOperatingExpense": 6496,
        "totalOtherIncomeExpenseNet": 164,
        "year": 2023
      },
      {
        "costOfGoodsSold": 3863,
        "depreciationAmortization": 1375,
        "dilutedAverageSharesOutstanding": 572,
        "dilutedEPS": 0.7098,
        "ebit": 1910,
        "grossIncome": 8596,
        "interestExpense": 955,
        "interestIncomeExpense": -787,
        "minorityInterest": -33,
        "netIncome": 406,
        "netIncomeAfterTaxes": 439,
        "nonRecurringItems": -99,
        "otherOperatingExpensesTotal": 4581,
        "otherRevenue": 680,
        "period": "2022-12-31",
        "pretaxIncome": 1439,
        "provisionforIncomeTaxes": 1000,
        "purchasedFuelPowerGas": 730,
        "revenue": 12459,
        "totalOperatingExpense": 6686,
        "totalOtherIncomeExpenseNet": 415,
        "year": 2022
      },
      {
        "costOfGoodsSold": 2964,
        "depreciationAmortization": 1302,
        "dilutedAverageSharesOutstanding": 546,
        "dilutedEPS": 2.34,
        "ebit": 1617,
        "grossIncome": 8168,
        "interestExpense": 1066,
        "interestIncomeExpense": -1066,
        "netIncome": 1283,
        "netIncomeAfterTaxes": 1239,
        "nonRecurringItems": 491,
        "otherOperatingExpensesTotal": 4768,
        "otherRevenue": 515,
        "period": "2021-12-31",
        "pretaxIncome": 1559,
        "provisionforIncomeTaxes": 320,
        "purchasedFuelPowerGas": 481,
        "revenue": 11132,
        "totalOperatingExpense": 6551,
        "totalOtherIncomeExpenseNet": 517,
        "year": 2021
      },
      {
        "costOfGoodsSold": 2701,
        "depreciationAmortization": 1274,
        "dilutedAverageSharesOutstanding": 543,
        "dilutedEPS": 1.98,
        "ebit": 2162,
        "grossIncome": 8089,
        "interestExpense": 988,
        "interestIncomeExpense": -988,
        "netIncome": 1079,
        "netIncomeAfterTaxes": 1003,
        "nonRecurringItems": -477,
        "otherOperatingExpensesTotal": 4224,
        "otherRevenue": 489,
        "period": "2020-12-31",
        "pretaxIncome": 1129,
        "provisionforIncomeTaxes": 126,
        "purchasedFuelPowerGas": 369,
        "revenue": 10790,
        "sgaExpense": 60,
        "totalOperatingExpense": 5927,
        "totalOtherIncomeExpenseNet": 432,
        "year": 2020
      },
      {
        "costOfGoodsSold": 2927,
        "depreciationAmortization": 1220,
        "dilutedAverageSharesOutstanding": 542,
        "dilutedEPS": 1.66,
        "ebit": 2510,
        "grossIncome": 8108,
        "interestExpense": 962,
        "interestIncomeExpense": -962,
        "netIncome": 908,
        "netIncomeAfterTaxes": 904,
        "nonRecurringItems": -674,
        "otherOperatingExpensesTotal": 3832,
        "otherRevenue": 805,
        "period": "2019-12-31",
        "pretaxIncome": 1117,
        "provisionforIncomeTaxes": 213,
        "purchasedFuelPowerGas": 497,
        "revenue": 11035,
        "sgaExpense": 49,
        "totalOperatingExpense": 5598,
        "totalOtherIncomeExpenseNet": 243,
        "year": 2019
      },
      {
        "costOfGoodsSold": 3109,
        "depreciationAmortization": 1136,
        "dilutedAverageSharesOutstanding": 494,
        "dilutedEPS": 1.98,
        "ebit": 2502,
        "grossIncome": 8152,
        "interestExpense": 1051,
        "interestIncomeExpense": -1051,
        "netIncome": 981,
        "netIncomeAfterTaxes": 1046,
        "nonRecurringItems": -144,
        "otherOperatingExpensesTotal": 3976,
        "otherRevenue": 989,
        "period": "2018-12-31",
        "pretaxIncome": 1512,
        "provisionforIncomeTaxes": 466,
        "purchasedFuelPowerGas": 538,
        "revenue": 11261,
        "totalOperatingExpense": 5650,
        "totalOtherIncomeExpenseNet": 205,
        "year": 2018
      },
      {
        "costOfGoodsSold": 2926,
        "depreciationAmortization": 1027,
        "dilutedAverageSharesOutstanding": 444,
        "dilutedEPS": -3.88,
        "ebit": 2469,
        "grossIncome": 8002,
        "interestExpense": 953,
        "interestIncomeExpense": -953,
        "netIncome": -1724,
        "netIncomeAfterTaxes": 904,
        "nonRecurringItems": -143,
        "otherOperatingExpensesTotal": 4009,
        "otherRevenue": 936,
        "period": "2017-12-31",
        "pretaxIncome": 1426,
        "provisionforIncomeTaxes": 522,
        "purchasedFuelPowerGas": 497,
        "revenue": 10928,
        "totalOperatingExpense": 5533,
        "totalOtherIncomeExpenseNet": 53,
        "year": 2017
      },
      {
        "costOfGoodsSold": 3310,
        "depreciationAmortization": 933,
        "dilutedAverageSharesOutstanding": 426,
        "dilutedEPS": -14.5,
        "ebit": 2097,
        "grossIncome": 7390,
        "interestExpense": 918,
        "interestIncomeExpense": -918,
        "netIncome": -6177,
        "netIncomeAfterTaxes": 551,
        "nonRecurringItems": -145,
        "otherOperatingExpensesTotal": 3789,
        "otherRevenue": 892,
        "period": "2016-12-31",
        "pretaxIncome": 1078,
        "provisionforIncomeTaxes": 527,
        "purchasedFuelPowerGas": 571,
        "revenue": 10700,
        "totalOperatingExpense": 5293,
        "totalOtherIncomeExpenseNet": 44,
        "year": 2016
      },
      {
        "costOfGoodsSold": 4318,
        "depreciationAmortization": 1282,
        "dilutedAverageSharesOutstanding": 424,
        "dilutedEPS": 1.36,
        "ebit": 2503,
        "grossIncome": 10708,
        "interestExpense": 1015,
        "interestIncomeExpense": -942,
        "netIncome": 578,
        "netIncomeAfterTaxes": 578,
        "nonRecurringItems": -646,
        "otherOperatingExpensesTotal": 5068,
        "otherRevenue": 4390,
        "period": "2015-12-31",
        "pretaxIncome": 893,
        "provisionforIncomeTaxes": 315,
        "purchasedFuelPowerGas": 1855,
        "revenue": 15026,
        "totalOperatingExpense": 8205,
        "totalOtherIncomeExpenseNet": -22,
        "year": 2015
      }
    ],
    "symbol": "FE"
  }
}