{
  "symbol": "CVX",
  "statement": "ic",
  "frequency": "annual",
  "timestamp": "2025-09-19T13:57:47.596928",
  "data": {
    "financials": [
      {
        "costOfGoodsSold": 119206,
        "depreciationAmortization": 17282,
        "dilutedAverageSharesOutstanding": 1817,
        "dilutedEPS": 9.72,
        "ebit": 24679,
        "grossIncome": 74208,
        "interestExpense": 594,
        "interestIncomeExpense": 4002,
        "minorityInterest": -88,
        "netIncome": 17661,
        "netIncomeAfterTaxes": 17749,
        "nonRecurringItems": -980,
        "otherOperatingExpensesTotal": 21976,
        "period": "2024-12-31",
        "pretaxIncome": 27506,
        "provisionforIncomeTaxes": 9757,
        "researchDevelopment": 995,
        "revenue": 193414,
        "sgaExpense": 9276,
        "totalOperatingExpense": 49529,
        "totalOtherIncomeExpenseNet": -195,
        "year": 2024
      },
      {
        "costOfGoodsSold": 119196,
        "depreciationAmortization": 17326,
        "dilutedAverageSharesOutstanding": 1880,
        "dilutedEPS": 11.37,
        "ebit": 25134,
        "grossIncome": 77717,
        "interestExpense": 469,
        "interestIncomeExpense": 4662,
        "minorityInterest": -42,
        "netIncome": 21369,
        "netIncomeAfterTaxes": 21411,
        "otherOperatingExpensesTotal": 25982,
        "period": "2023-12-31",
        "pretaxIncome": 29584,
        "provisionforIncomeTaxes": 8173,
        "researchDevelopment": 914,
        "revenue": 196913,
        "sgaExpense": 8361,
        "totalOperatingExpense": 52583,
        "totalOtherIncomeExpenseNet": -212,
        "year": 2023
      },
      {
        "costOfGoodsSold": 145416,
        "depreciationAmortization": 16319,
        "dilutedAverageSharesOutstanding": 1940,
        "dilutedEPS": 18.28,
        "ebit": 41900,
        "grossIncome": 90301,
        "interestExpense": 516,
        "interestIncomeExpense": 8069,
        "minorityInterest": -143,
        "netIncome": 35465,
        "netIncomeAfterTaxes": 35608,
        "otherOperatingExpensesTotal": 22764,
        "period": "2022-12-31",
        "pretaxIncome": 49674,
        "provisionforIncomeTaxes": 14066,
        "researchDevelopment": 974,
        "revenue": 235717,
        "sgaExpense": 8344,
        "totalOperatingExpense": 48401,
        "totalOtherIncomeExpenseNet": -295,
        "year": 2022
      },
      {
        "costOfGoodsSold": 89372,
        "depreciationAmortization": 17925,
        "dilutedAverageSharesOutstanding": 1920,
        "dilutedEPS": 8.14,
        "ebit": 17382,
        "grossIncome": 66234,
        "interestExpense": 712,
        "interestIncomeExpense": 4945,
        "minorityInterest": -64,
        "netIncome": 15625,
        "netIncomeAfterTaxes": 15689,
        "otherOperatingExpensesTotal": 19524,
        "period": "2021-12-31",
        "pretaxIncome": 21639,
        "provisionforIncomeTaxes": 5950,
        "researchDevelopment": 549,
        "revenue": 155606,
        "sgaExpense": 10854,
        "totalOperatingExpense": 48852,
        "totalOtherIncomeExpenseNet": -688,
        "year": 2021
      },
      {
        "costOfGoodsSold": 50488,
        "depreciationAmortization": 19508,
        "dilutedAverageSharesOutstanding": 1870,
        "dilutedEPS": -2.96,
        "ebit": -4545,
        "grossIncome": 43983,
        "interestExpense": 697,
        "interestIncomeExpense": -1169,
        "minorityInterest": 18,
        "netIncome": -5543,
        "netIncomeAfterTaxes": -5561,
        "nonRecurringItems": -859,
        "otherOperatingExpensesTotal": 18940,
        "period": "2020-12-31",
        "pretaxIncome": -7453,
        "provisionforIncomeTaxes": -1892,
        "researchDevelopment": 1537,
        "revenue": 94471,
        "sgaExpense": 8543,
        "totalOperatingExpense": 48528,
        "totalOtherIncomeExpenseNet": -880,
        "year": 2020
      },
      {
        "costOfGoodsSold": 80096,
        "depreciationAmortization": 29218,
        "dilutedAverageSharesOutstanding": 1895,
        "dilutedEPS": 1.54,
        "ebit": 1923,
        "grossIncome": 60060,
        "interestExpense": 798,
        "interestIncomeExpense": 2860,
        "minorityInterest": 79,
        "netIncome": 2924,
        "netIncomeAfterTaxes": 2848,
        "nonRecurringItems": 1170,
        "otherOperatingExpensesTotal": 19870,
        "period": "2019-12-31",
        "pretaxIncome": 5536,
        "provisionforIncomeTaxes": 2688,
        "researchDevelopment": 770,
        "revenue": 140156,
        "sgaExpense": 8279,
        "totalOperatingExpense": 58137,
        "totalOtherIncomeExpenseNet": -417,
        "year": 2019
      },
      {
        "costOfGoodsSold": 94545,
        "depreciationAmortization": 19419,
        "dilutedAverageSharesOutstanding": 1914,
        "dilutedEPS": 7.73,
        "ebit": 15451,
        "grossIncome": 64222,
        "interestExpense": 748,
        "interestIncomeExpense": 5684,
        "minorityInterest": -36,
        "netIncome": 14824,
        "netIncomeAfterTaxes": 14834,
        "otherOperatingExpensesTotal": 19437,
        "period": "2018-12-31",
        "pretaxIncome": 20575,
        "provisionforIncomeTaxes": 5741,
        "researchDevelopment": 1210,
        "revenue": 158767,
        "sgaExpense": 8705,
        "totalOperatingExpense": 48771,
        "totalOtherIncomeExpenseNet": -560,
        "year": 2018
      },
      {
        "costOfGoodsSold": 75756,
        "depreciationAmortization": 19349,
        "dilutedAverageSharesOutstanding": 1898,
        "dilutedEPS": 4.84,
        "ebit": 5206,
        "grossIncome": 59023,
        "interestExpense": 307,
        "interestIncomeExpense": 4015,
        "minorityInterest": -74,
        "netIncome": 9195,
        "netIncomeAfterTaxes": 7249,
        "otherOperatingExpensesTotal": 16825,
        "period": "2017-12-31",
        "pretaxIncome": 9221,
        "provisionforIncomeTaxes": 1972,
        "researchDevelopment": 864,
        "revenue": 134779,
        "sgaExpense": 16779,
        "totalOperatingExpense": 53817,
        "year": 2017
      },
      {
        "costOfGoodsSold": 59290,
        "depreciationAmortization": 19457,
        "dilutedAverageSharesOutstanding": 1873,
        "dilutedEPS": -0.27,
        "ebit": -4320,
        "grossIncome": 51194,
        "interestExpense": 201,
        "interestIncomeExpense": 2160,
        "minorityInterest": -66,
        "netIncome": -497,
        "netIncomeAfterTaxes": -431,
        "otherOperatingExpensesTotal": 18672,
        "period": "2016-12-31",
        "pretaxIncome": -2160,
        "provisionforIncomeTaxes": -1729,
        "researchDevelopment": 1033,
        "revenue": 110484,
        "sgaExpense": 16352,
        "totalOperatingExpense": 55514,
        "year": 2016
      },
      {
        "costOfGoodsSold": 69781,
        "depreciationAmortization": 21037,
        "dilutedAverageSharesOutstanding": 1867,
        "dilutedEPS": 2.46,
        "ebit": 207,
        "grossIncome": 59867,
        "interestIncomeExpense": 4988,
        "minorityInterest": -123,
        "netIncome": 4587,
        "netIncomeAfterTaxes": 4710,
        "nonRecurringItems": -353,
        "otherOperatingExpensesTotal": 18944,
        "period": "2015-12-31",
        "pretaxIncome": 4842,
        "provisionforIncomeTaxes": 132,
        "researchDevelopment": 3340,
        "revenue": 129648,
        "sgaExpense": 16339,
        "totalOperatingExpense": 59660,
        "year": 2015
      }
    ],
    "symbol": "CVX"
  }
}