{
  "symbol": "NEM",
  "statement": "ic",
  "frequency": "quarterly",
  "timestamp": "2025-09-19T14:04:32.272502",
  "data": {
    "financials": [
      {
        "costOfGoodsSold": 2001,
        "depreciationAmortization": 620,
        "dilutedAverageSharesOutstanding": 1112,
        "dilutedEPS": 1.8534,
        "ebit": 2383,
        "equityEarningsAffiliates": 49,
        "grossIncome": 3316,
        "interestExpense": 65,
        "interestIncomeExpense": 79,
        "minorityInterest": -14,
        "netIncome": 2061,
        "netIncomeAfterTaxes": 2026,
        "nonRecurringItems": 667,
        "otherOperatingExpensesTotal": 34,
        "period": "2025-06-30",
        "pretaxIncome": 3118,
        "provisionforIncomeTaxes": 1092,
        "researchDevelopment": 101,
        "revenue": 5317,
        "sgaExpense": 178,
        "totalOperatingExpense": 933,
        "totalOtherIncomeExpenseNet": -11
      },
      {
        "costOfGoodsSold": 2106,
        "depreciationAmortization": 593,
        "dilutedAverageSharesOutstanding": 1127,
        "dilutedEPS": 1.6779,
        "ebit": 2004,
        "equityEarningsAffiliates": 78,
        "gainLossOnDispositionOfAssets": 5,
        "grossIncome": 2904,
        "interestExpense": 79,
        "interestIncomeExpense": 228,
        "minorityInterest": -11,
        "netIncome": 1891,
        "netIncomeAfterTaxes": 1824,
        "nonRecurringItems": 235,
        "otherOperatingExpensesTotal": 12,
        "period": "2025-03-31",
        "pretaxIncome": 2471,
        "provisionforIncomeTaxes": 647,
        "researchDevelopment": 92,
        "revenue": 5010,
        "sgaExpense": 203,
        "totalOperatingExpense": 900,
        "totalOtherIncomeExpenseNet": -1
      },
      {
        "costOfGoodsSold": 2391,
        "depreciationAmortization": 673,
        "dilutedAverageSharesOutstanding": 1136,
        "dilutedEPS": 1.235,
        "ebit": 2322,
        "equityEarningsAffiliates": 69,
        "gainLossOnDispositionOfAssets": 1,
        "grossIncome": 3261,
        "interestExpense": 93,
        "interestIncomeExpense": 94,
        "minorityInterest": -18,
        "netIncome": 1403,
        "netIncomeAfterTaxes": 1352,
        "nonRecurringItems": -359,
        "otherOperatingExpensesTotal": 4,
        "period": "2024-12-31",
        "pretaxIncome": 2054,
        "provisionforIncomeTaxes": 702,
        "researchDevelopment": 130,
        "revenue": 5652,
        "sgaExpense": 132,
        "totalOperatingExpense": 939,
        "totalOtherIncomeExpenseNet": -3
      },
      {
        "costOfGoodsSold": 2310,
        "depreciationAmortization": 631,
        "dilutedAverageSharesOutstanding": 1149,
        "dilutedEPS": 0.8,
        "ebit": 1290,
        "equityEarningsAffiliates": 60,
        "gainLossOnDispositionOfAssets": 28,
        "grossIncome": 2295,
        "interestExpense": 86,
        "interestIncomeExpense": -89,
        "minorityInterest": -2,
        "netIncome": 922,
        "netIncomeAfterTaxes": 815,
        "nonRecurringItems": -147,
        "otherOperatingExpensesTotal": 8,
        "period": "2024-09-30",
        "pretaxIncome": 1059,
        "provisionforIncomeTaxes": 244,
        "researchDevelopment": 121,
        "revenue": 4605,
        "sgaExpense": 245,
        "totalOperatingExpense": 1005,
        "totalOtherIncomeExpenseNet": -23
      },
      {
        "costOfGoodsSold": 2156,
        "depreciationAmortization": 602,
        "dilutedAverageSharesOutstanding": 1155,
        "dilutedEPS": 0.7255,
        "ebit": 1324,
        "equityEarningsAffiliates": -3,
        "grossIncome": 2246,
        "interestExpense": 103,
        "interestIncomeExpense": -44,
        "minorityInterest": -4,
        "netIncome": 853,
        "netIncomeAfterTaxes": 845,
        "nonRecurringItems": -269,
        "otherOperatingExpensesTotal": 20,
        "period": "2024-06-30",
        "pretaxIncome": 1036,
        "provisionforIncomeTaxes": 191,
        "researchDevelopment": 106,
        "revenue": 4402,
        "sgaExpense": 194,
        "totalOperatingExpense": 922,
        "totalOtherIncomeExpenseNet": 25
      },
      {
        "costOfGoodsSold": 2106,
        "depreciationAmortization": 654,
        "dilutedAverageSharesOutstanding": 1153,
        "dilutedEPS": 0.144,
        "ebit": 953,
        "equityEarningsAffiliates": 7,
        "gainLossOnDispositionOfAssets": -9,
        "grossIncome": 1917,
        "interestExpense": 93,
        "interestIncomeExpense": 14,
        "minorityInterest": -9,
        "netIncome": 170,
        "netIncomeAfterTaxes": 168,
        "nonRecurringItems": -543,
        "otherOperatingExpensesTotal": 5,
        "period": "2024-03-31",
        "pretaxIncome": 428,
        "provisionforIncomeTaxes": 260,
        "researchDevelopment": 106,
        "revenue": 4023,
        "sgaExpense": 199,
        "totalOperatingExpense": 964,
        "totalOtherIncomeExpenseNet": 13
      },
      {
        "costOfGoodsSold": 2303,
        "depreciationAmortization": 666,
        "dilutedAverageSharesOutstanding": 979,
        "dilutedEPS": -3.238,
        "ebit": -475,
        "equityEarningsAffiliates": 19,
        "gainLossOnDispositionOfAssets": 231,
        "grossIncome": 1654,
        "interestExpense": 81,
        "interestIncomeExpense": -321,
        "minorityInterest": -10,
        "netIncome": -3158,
        "netIncomeAfterTaxes": -3179,
        "nonRecurringItems": -2334,
        "otherOperatingExpensesTotal": 3,
        "period": "2023-12-31",
        "pretaxIncome": -3102,
        "provisionforIncomeTaxes": 77,
        "researchDevelopment": 141,
        "revenue": 3957,
        "sgaExpense": 1319,
        "totalOperatingExpense": 2129,
        "totalOtherIncomeExpenseNet": -203
      },
      {
        "costOfGoodsSold": 1371,
        "depreciationAmortization": 480,
        "dilutedAverageSharesOutstanding": 796,
        "dilutedEPS": 0.2,
        "ebit": 265,
        "equityEarningsAffiliates": 3,
        "grossIncome": 1122,
        "interestExpense": 48,
        "interestIncomeExpense": -46,
        "minorityInterest": -5,
        "netIncome": 158,
        "netIncomeAfterTaxes": 159,
        "nonRecurringItems": -27,
        "otherOperatingExpensesTotal": 10,
        "period": "2023-09-30",
        "pretaxIncome": 232,
        "provisionforIncomeTaxes": 73,
        "researchDevelopment": 131,
        "revenue": 2493,
        "sgaExpense": 236,
        "totalOperatingExpense": 857,
        "totalOtherIncomeExpenseNet": 40
      },
      {
        "costOfGoodsSold": 1543,
        "depreciationAmortization": 486,
        "dilutedAverageSharesOutstanding": 795,
        "dilutedEPS": 0.19,
        "ebit": 401,
        "equityEarningsAffiliates": 16,
        "gainLossOnDispositionOfAssets": 0,
        "grossIncome": 1140,
        "interestExpense": 49,
        "interestIncomeExpense": -65,
        "minorityInterest": 0,
        "netIncome": 155,
        "netIncomeAfterTaxes": 137,
        "nonRecurringItems": -35,
        "otherOperatingExpensesTotal": 6,
        "period": "2023-06-30",
        "pretaxIncome": 300,
        "provisionforIncomeTaxes": 163,
        "researchDevelopment": 110,
        "revenue": 2683,
        "sgaExpense": 137,
        "totalOperatingExpense": 739,
        "totalOtherIncomeExpenseNet": -1
      },
      {
        "costOfGoodsSold": 1482,
        "depreciationAmortization": 461,
        "dilutedAverageSharesOutstanding": 795,
        "dilutedEPS": 0.43,
        "ebit": 511,
        "equityEarningsAffiliates": 25,
        "gainLossOnDispositionOfAssets": 36,
        "grossIncome": 1197,
        "interestExpense": 65,
        "interestIncomeExpense": 1,
        "minorityInterest": -12,
        "netIncome": 351,
        "netIncomeAfterTaxes": 326,
        "nonRecurringItems": -6,
        "otherOperatingExpensesTotal": 2,
        "period": "2023-03-31",
        "pretaxIncome": 539,
        "provisionforIncomeTaxes": 213,
        "researchDevelopment": 83,
        "revenue": 2679,
        "sgaExpense": 140,
        "totalOperatingExpense": 686,
        "totalOtherIncomeExpenseNet": -3
      },
      {
        "costOfGoodsSold": 1780,
        "depreciationAmortization": 546,
        "dilutedAverageSharesOutstanding": 797,
        "dilutedEPS": -1.87,
        "ebit": -81,
        "equityEarningsAffiliates": 26,
        "gainLossOnDispositionOfAssets": 35,
        "grossIncome": 1420,
        "interestExpense": 53,
        "interestIncomeExpense": -16,
        "minorityInterest": -19,
        "netIncome": -1477,
        "netIncomeAfterTaxes": -1495,
        "nonRecurringItems": -1350,
        "otherOperatingExpensesTotal": 9,
        "period": "2022-12-31",
        "pretaxIncome": -1383,
        "provisionforIncomeTaxes": 112,
        "researchDevelopment": 122,
        "revenue": 3200,
        "sgaExpense": 824,
        "totalOperatingExpense": 1501,
        "totalOtherIncomeExpenseNet": 29
      },
      {
        "costOfGoodsSold": 1545,
        "depreciationAmortization": 494,
        "dilutedAverageSharesOutstanding": 795,
        "dilutedEPS": 0.27,
        "ebit": 320,
        "equityEarningsAffiliates": 25,
        "grossIncome": 1089,
        "interestExpense": 55,
        "interestIncomeExpense": -4,
        "minorityInterest": -7,
        "netIncome": 213,
        "netIncomeAfterTaxes": 200,
        "nonRecurringItems": -25,
        "otherOperatingExpensesTotal": 0,
        "period": "2022-09-30",
        "pretaxIncome": 296,
        "provisionforIncomeTaxes": 96,
        "researchDevelopment": 149,
        "revenue": 2634,
        "sgaExpense": 126,
        "totalOperatingExpense": 769,
        "totalOtherIncomeExpenseNet": 5
      },
      {
        "costOfGoodsSold": 1708,
        "depreciationAmortization": 548,
        "dilutedAverageSharesOutstanding": 795,
        "dilutedEPS": 0.48,
        "ebit": 568,
        "equityEarningsAffiliates": 17,
        "grossIncome": 1350,
        "interestExpense": 57,
        "interestIncomeExpense": -165,
        "minorityInterest": -13,
        "netIncome": 387,
        "netIncomeAfterTaxes": 375,
        "nonRecurringItems": -28,
        "otherOperatingExpensesTotal": 5,
        "period": "2022-06-30",
        "pretaxIncome": 408,
        "provisionforIncomeTaxes": 33,
        "researchDevelopment": 107,
        "revenue": 3058,
        "sgaExpense": 122,
        "totalOperatingExpense": 782,
        "totalOtherIncomeExpenseNet": 33
      },
      {
        "costOfGoodsSold": 1435,
        "depreciationAmortization": 544,
        "dilutedAverageSharesOutstanding": 794,
        "dilutedEPS": 0.56,
        "ebit": 833,
        "equityEarningsAffiliates": 39,
        "grossIncome": 1588,
        "interestExpense": 62,
        "interestIncomeExpense": -57,
        "minorityInterest": -21,
        "netIncome": 448,
        "netIncomeAfterTaxes": 414,
        "nonRecurringItems": -34,
        "otherOperatingExpensesTotal": 4,
        "period": "2022-03-31",
        "pretaxIncome": 628,
        "provisionforIncomeTaxes": 214,
        "researchDevelopment": 82,
        "revenue": 3023,
        "sgaExpense": 125,
        "totalOperatingExpense": 755,
        "totalOtherIncomeExpenseNet": -114
      },
      {
        "costOfGoodsSold": 1540,
        "depreciationAmortization": 635,
        "dilutedAverageSharesOutstanding": 796,
        "dilutedEPS": -0.05,
        "ebit": -593,
        "equityEarningsAffiliates": 28,
        "gainLossOnDispositionOfAssets": 166,
        "grossIncome": 1850,
        "interestExpense": 66,
        "interestIncomeExpense": -40,
        "minorityInterest": 718,
        "netIncome": -46,
        "netIncomeAfterTaxes": -807,
        "nonRecurringItems": -44,
        "otherOperatingExpensesTotal": 5,
        "period": "2021-12-31",
        "pretaxIncome": -507,
        "provisionforIncomeTaxes": 300,
        "researchDevelopment": 108,
        "revenue": 3390,
        "sgaExpense": 1695,
        "totalOperatingExpense": 2443,
        "totalOtherIncomeExpenseNet": 4
      },
      {
        "costOfGoodsSold": 1367,
        "depreciationAmortization": 563,
        "dilutedAverageSharesOutstanding": 799,
        "dilutedEPS": -0.01,
        "ebit": 680,
        "equityEarningsAffiliates": 39,
        "gainLossOnDispositionOfAssets": 3,
        "grossIncome": 1528,
        "interestExpense": 66,
        "interestIncomeExpense": -139,
        "minorityInterest": 246,
        "netIncome": 3,
        "netIncomeAfterTaxes": -293,
        "nonRecurringItems": -615,
        "otherOperatingExpensesTotal": 7,
        "period": "2021-09-30",
        "pretaxIncome": -71,
        "provisionforIncomeTaxes": 222,
        "researchDevelopment": 100,
        "revenue": 2895,
        "sgaExpense": 178,
        "totalOperatingExpense": 848,
        "totalOtherIncomeExpenseNet": 0
      },
      {
        "costOfGoodsSold": 1281,
        "depreciationAmortization": 560,
        "dilutedAverageSharesOutstanding": 803,
        "dilutedEPS": 0.8,
        "ebit": 1008,
        "equityEarningsAffiliates": 49,
        "grossIncome": 1784,
        "interestExpense": 68,
        "interestIncomeExpense": -31,
        "minorityInterest": -11,
        "netIncome": 650,
        "netIncomeAfterTaxes": 602,
        "nonRecurringItems": -47,
        "otherOperatingExpensesTotal": 6,
        "period": "2021-06-30",
        "pretaxIncome": 943,
        "provisionforIncomeTaxes": 341,
        "researchDevelopment": 89,
        "revenue": 3065,
        "sgaExpense": 121,
        "totalOperatingExpense": 776,
        "totalOtherIncomeExpenseNet": 13
      },
      {
        "costOfGoodsSold": 1247,
        "depreciationAmortization": 546,
        "dilutedAverageSharesOutstanding": 802,
        "dilutedEPS": 0.69,
        "ebit": 894,
        "equityEarningsAffiliates": 50,
        "gainLossOnDispositionOfAssets": 1,
        "grossIncome": 1625,
        "interestExpense": 74,
        "interestIncomeExpense": -116,
        "minorityInterest": -20,
        "netIncome": 559,
        "netIncomeAfterTaxes": 508,
        "nonRecurringItems": -38,
        "otherOperatingExpensesTotal": 8,
        "period": "2021-03-31",
        "pretaxIncome": 743,
        "provisionforIncomeTaxes": 235,
        "researchDevelopment": 66,
        "revenue": 2872,
        "sgaExpense": 111,
        "totalOperatingExpense": 731,
        "totalOtherIncomeExpenseNet": 2
      },
      {
        "costOfGoodsSold": 1355,
        "depreciationAmortization": 615,
        "dilutedAverageSharesOutstanding": 806,
        "dilutedEPS": 1.02,
        "ebit": 1002,
        "equityEarningsAffiliates": 70,
        "gainLossOnDispositionOfAssets": 84,
        "grossIncome": 2026,
        "interestExpense": 73,
        "interestIncomeExpense": -74,
        "minorityInterest": 60,
        "netIncome": 824,
        "netIncomeAfterTaxes": 676,
        "nonRecurringItems": -82,
        "otherOperatingExpensesTotal": -4,
        "period": "2020-12-31",
        "pretaxIncome": 934,
        "provisionforIncomeTaxes": 258,
        "researchDevelopment": 99,
        "revenue": 3381,
        "sgaExpense": 314,
        "totalOperatingExpense": 1024,
        "totalOtherIncomeExpenseNet": 4
      },
      {
        "costOfGoodsSold": 1269,
        "depreciationAmortization": 592,
        "dilutedAverageSharesOutstanding": 806,
        "dilutedEPS": 1.04,
        "ebit": 1115,
        "equityEarningsAffiliates": 53,
        "gainLossOnDispositionOfAssets": 1,
        "grossIncome": 1901,
        "interestExpense": 75,
        "interestIncomeExpense": -36,
        "minorityInterest": -17,
        "netIncome": 839,
        "netIncomeAfterTaxes": 575,
        "nonRecurringItems": -117,
        "otherOperatingExpensesTotal": 1,
        "period": "2020-09-30",
        "pretaxIncome": 880,
        "provisionforIncomeTaxes": 305,
        "researchDevelopment": 87,
        "revenue": 3170,
        "sgaExpense": 106,
        "totalOperatingExpense": 786,
        "totalOtherIncomeExpenseNet": -83
      },
      {
        "costOfGoodsSold": 1058,
        "depreciationAmortization": 528,
        "dilutedAverageSharesOutstanding": 803,
        "dilutedEPS": 0.42,
        "ebit": 605,
        "equityEarningsAffiliates": 29,
        "gainLossOnDispositionOfAssets": -1,
        "grossIncome": 1307,
        "interestExpense": 78,
        "interestIncomeExpense": 103,
        "minorityInterest": -3,
        "netIncome": 344,
        "netIncomeAfterTaxes": 386,
        "nonRecurringItems": -177,
        "otherOperatingExpensesTotal": 10,
        "period": "2020-06-30",
        "pretaxIncome": 550,
        "provisionforIncomeTaxes": 164,
        "researchDevelopment": 52,
        "revenue": 2365,
        "sgaExpense": 112,
        "totalOperatingExpense": 702,
        "totalOtherIncomeExpenseNet": 20
      },
      {
        "costOfGoodsSold": 1332,
        "depreciationAmortization": 565,
        "dilutedAverageSharesOutstanding": 809,
        "dilutedEPS": 1.03,
        "ebit": 502,
        "equityEarningsAffiliates": 37,
        "gainLossOnDispositionOfAssets": 593,
        "grossIncome": 1249,
        "interestExpense": 82,
        "interestIncomeExpense": -98,
        "minorityInterest": -2,
        "netIncome": 822,
        "netIncomeAfterTaxes": 802,
        "nonRecurringItems": -212,
        "otherOperatingExpensesTotal": 8,
        "period": "2020-03-31",
        "pretaxIncome": 779,
        "provisionforIncomeTaxes": -23,
        "researchDevelopment": 71,
        "revenue": 2581,
        "sgaExpense": 103,
        "totalOperatingExpense": 747,
        "totalOtherIncomeExpenseNet": -6
      },
      {
        "costOfGoodsSold": 1459,
        "depreciationAmortization": 613,
        "dilutedAverageSharesOutstanding": 821,
        "dilutedEPS": 0.68,
        "ebit": 561,
        "equityEarningsAffiliates": 42,
        "gainLossOnDispositionOfAssets": -2,
        "grossIncome": 1508,
        "interestExpense": 84,
        "interestIncomeExpense": 0,
        "minorityInterest": 4,
        "netIncome": 565,
        "netIncomeAfterTaxes": 491,
        "nonRecurringItems": 10,
        "otherOperatingExpensesTotal": 15,
        "period": "2019-12-31",
        "pretaxIncome": 620,
        "provisionforIncomeTaxes": 129,
        "researchDevelopment": 115,
        "revenue": 2967,
        "sgaExpense": 204,
        "totalOperatingExpense": 947,
        "totalOtherIncomeExpenseNet": 51
      },
      {
        "costOfGoodsSold": 1392,
        "depreciationAmortization": 548,
        "dilutedAverageSharesOutstanding": 822,
        "dilutedEPS": 2.64,
        "ebit": 492,
        "equityEarningsAffiliates": 32,
        "gainLossOnDispositionOfAssets": -1,
        "grossIncome": 1321,
        "interestExpense": 77,
        "interestIncomeExpense": -37,
        "minorityInterest": -26,
        "netIncome": 2178,
        "netIncomeAfterTaxes": 2220,
        "nonRecurringItems": 2323,
        "otherOperatingExpensesTotal": 4,
        "period": "2019-09-30",
        "pretaxIncome": 2778,
        "provisionforIncomeTaxes": 558,
        "researchDevelopment": 131,
        "revenue": 2713,
        "sgaExpense": 146,
        "totalOperatingExpense": 829,
        "totalOtherIncomeExpenseNet": 1
      },
      {
        "costOfGoodsSold": 1366,
        "depreciationAmortization": 487,
        "dilutedAverageSharesOutstanding": 766,
        "dilutedEPS": -0.03,
        "ebit": 137,
        "equityEarningsAffiliates": 26,
        "gainLossOnDispositionOfAssets": 32,
        "grossIncome": 891,
        "interestExpense": 82,
        "interestIncomeExpense": -30,
        "minorityInterest": -25,
        "netIncome": -25,
        "netIncomeAfterTaxes": 0,
        "nonRecurringItems": -125,
        "otherOperatingExpensesTotal": 12,
        "period": "2019-06-30",
        "pretaxIncome": 20,
        "provisionforIncomeTaxes": 20,
        "researchDevelopment": 101,
        "revenue": 2257,
        "sgaExpense": 154,
        "totalOperatingExpense": 754,
        "totalOtherIncomeExpenseNet": 6
      },
      {
        "costOfGoodsSold": 978,
        "depreciationAmortization": 312,
        "dilutedAverageSharesOutstanding": 534,
        "dilutedEPS": 0.16,
        "ebit": 351,
        "equityEarningsAffiliates": -5,
        "gainLossOnDispositionOfAssets": 1,
        "grossIncome": 825,
        "interestExpense": 58,
        "interestIncomeExpense": -18,
        "minorityInterest": -32,
        "netIncome": 87,
        "netIncomeAfterTaxes": 150,
        "nonRecurringItems": -64,
        "otherOperatingExpensesTotal": 5,
        "period": "2019-03-31",
        "pretaxIncome": 275,
        "provisionforIncomeTaxes": 125,
        "researchDevelopment": 68,
        "revenue": 1803,
        "sgaExpense": 89,
        "totalOperatingExpense": 474,
        "totalOtherIncomeExpenseNet": 5
      },
      {
        "costOfGoodsSold": 1104,
        "depreciationAmortization": 336,
        "dilutedAverageSharesOutstanding": 533,
        "dilutedEPS": -0.01,
        "ebit": 381,
        "equityEarningsAffiliates": -8,
        "gainLossOnDispositionOfAssets": 0,
        "grossIncome": 944,
        "interestExpense": 54,
        "interestIncomeExpense": -61,
        "minorityInterest": -13,
        "netIncome": 2,
        "netIncomeAfterTaxes": 15,
        "nonRecurringItems": -49,
        "otherOperatingExpensesTotal": -4,
        "period": "2018-12-31",
        "pretaxIncome": 278,
        "provisionforIncomeTaxes": 263,
        "researchDevelopment": 101,
        "revenue": 2048,
        "sgaExpense": 130,
        "totalOperatingExpense": 563,
        "totalOtherIncomeExpenseNet": 7
      },
      {
        "costOfGoodsSold": 995,
        "depreciationAmortization": 299,
        "dilutedAverageSharesOutstanding": 533,
        "dilutedEPS": -0.27,
        "ebit": 253,
        "equityEarningsAffiliates": -9,
        "gainLossOnDispositionOfAssets": 1,
        "grossIncome": 731,
        "interestExpense": 51,
        "interestIncomeExpense": -46,
        "minorityInterest": -21,
        "netIncome": -145,
        "netIncomeAfterTaxes": -131,
        "nonRecurringItems": -367,
        "otherOperatingExpensesTotal": 4,
        "period": "2018-09-30",
        "pretaxIncome": -128,
        "provisionforIncomeTaxes": 3,
        "researchDevelopment": 85,
        "revenue": 1726,
        "sgaExpense": 90,
        "totalOperatingExpense": 478,
        "totalOtherIncomeExpenseNet": 31
      },
      {
        "costOfGoodsSold": 965,
        "depreciationAmortization": 279,
        "dilutedAverageSharesOutstanding": 535,
        "dilutedEPS": 0.54,
        "ebit": 224,
        "equityEarningsAffiliates": -7,
        "gainLossOnDispositionOfAssets": 100,
        "grossIncome": 697,
        "interestExpense": 49,
        "interestIncomeExpense": -17,
        "minorityInterest": -6,
        "netIncome": 292,
        "netIncomeAfterTaxes": 242,
        "nonRecurringItems": -9,
        "otherOperatingExpensesTotal": 4,
        "period": "2018-06-30",
        "pretaxIncome": 305,
        "provisionforIncomeTaxes": 63,
        "researchDevelopment": 90,
        "revenue": 1662,
        "sgaExpense": 100,
        "totalOperatingExpense": 473,
        "totalOtherIncomeExpenseNet": 7
      },
      {
        "costOfGoodsSold": 1029,
        "depreciationAmortization": 301,
        "dilutedAverageSharesOutstanding": 535,
        "dilutedEPS": 0.35,
        "ebit": 321,
        "equityEarningsAffiliates": -9,
        "gainLossOnDispositionOfAssets": -1,
        "grossIncome": 788,
        "interestExpense": 53,
        "interestIncomeExpense": -35,
        "minorityInterest": 1,
        "netIncome": 192,
        "netIncomeAfterTaxes": 178,
        "nonRecurringItems": -6,
        "otherOperatingExpensesTotal": 5,
        "period": "2018-03-31",
        "pretaxIncome": 283,
        "provisionforIncomeTaxes": 105,
        "researchDevelopment": 74,
        "revenue": 1817,
        "sgaExpense": 87,
        "totalOperatingExpense": 467,
        "totalOtherIncomeExpenseNet": 4
      },
      {
        "costOfGoodsSold": 1053,
        "depreciationAmortization": 323,
        "dilutedAverageSharesOutstanding": 533,
        "dilutedEPS": -1.01,
        "ebit": 312,
        "equityEarningsAffiliates": -12,
        "gainLossOnDispositionOfAssets": 2,
        "grossIncome": 882,
        "interestExpense": 54,
        "interestIncomeExpense": -43,
        "minorityInterest": -25,
        "netIncome": -542,
        "netIncomeAfterTaxes": 194,
        "nonRecurringItems": -15,
        "otherOperatingExpensesTotal": -1,
        "period": "2017-12-31",
        "pretaxIncome": 265,
        "provisionforIncomeTaxes": 71,
        "researchDevelopment": 88,
        "revenue": 1935,
        "sgaExpense": 160,
        "totalOperatingExpense": 570,
        "totalOtherIncomeExpenseNet": 9
      },
      {
        "costOfGoodsSold": 1053,
        "depreciationAmortization": 330,
        "dilutedAverageSharesOutstanding": 540.9,
        "dilutedEPS": 0.37,
        "ebit": 322,
        "equityEarningsAffiliates": 1,
        "gainLossOnDispositionOfAssets": 5,
        "grossIncome": 826,
        "interestExpense": 56,
        "interestIncomeExpense": -50,
        "minorityInterest": 5,
        "netIncome": 204,
        "netIncomeAfterTaxes": 205,
        "nonRecurringItems": 1,
        "otherOperatingExpensesTotal": 2,
        "period": "2017-09-30",
        "pretaxIncome": 277,
        "provisionforIncomeTaxes": 72,
        "researchDevelopment": 89,
        "revenue": 1879,
        "sgaExpense": 83,
        "totalOperatingExpense": 504,
        "totalOtherIncomeExpenseNet": -1
      },
      {
        "costOfGoodsSold": 999,
        "depreciationAmortization": 308,
        "dilutedAverageSharesOutstanding": 535,
        "dilutedEPS": 0.33,
        "ebit": 373,
        "equityEarningsAffiliates": -3,
        "gainLossOnDispositionOfAssets": 14,
        "grossIncome": 876,
        "interestExpense": 64,
        "interestIncomeExpense": -68,
        "minorityInterest": 26,
        "netIncome": 177,
        "netIncomeAfterTaxes": 169,
        "nonRecurringItems": -4,
        "otherOperatingExpensesTotal": 10,
        "period": "2017-06-30",
        "pretaxIncome": 336,
        "provisionforIncomeTaxes": 167,
        "researchDevelopment": 83,
        "revenue": 1875,
        "sgaExpense": 102,
        "totalOperatingExpense": 503,
        "totalOtherIncomeExpenseNet": 21
      },
      {
        "costOfGoodsSold": 957,
        "depreciationAmortization": 300,
        "dilutedAverageSharesOutstanding": 532,
        "dilutedEPS": 0.08,
        "ebit": 282,
        "equityEarningsAffiliates": -2,
        "gainLossOnDispositionOfAssets": 2,
        "grossIncome": 733,
        "interestExpense": 67,
        "interestIncomeExpense": -80,
        "minorityInterest": -11,
        "netIncome": 47,
        "netIncomeAfterTaxes": 83,
        "nonRecurringItems": -12,
        "otherOperatingExpensesTotal": 5,
        "period": "2017-03-31",
        "pretaxIncome": 194,
        "provisionforIncomeTaxes": 111,
        "researchDevelopment": 62,
        "revenue": 1690,
        "sgaExpense": 84,
        "totalOperatingExpense": 451,
        "totalOtherIncomeExpenseNet": 2
      },
      {
        "costOfGoodsSold": 1036,
        "depreciationAmortization": 328,
        "dilutedAverageSharesOutstanding": 530,
        "dilutedEPS": -0.64,
        "ebit": 185,
        "equityEarningsAffiliates": -5,
        "gainLossOnDispositionOfAssets": -1,
        "grossIncome": 753,
        "interestExpense": 69,
        "interestIncomeExpense": -49,
        "minorityInterest": 799,
        "netIncome": -344,
        "netIncomeAfterTaxes": -894,
        "nonRecurringItems": -1033,
        "otherOperatingExpensesTotal": 3,
        "period": "2016-12-31",
        "pretaxIncome": -886,
        "provisionforIncomeTaxes": 8,
        "researchDevelopment": 70,
        "revenue": 1789,
        "sgaExpense": 167,
        "totalOperatingExpense": 568,
        "totalOtherIncomeExpenseNet": 12
      },
      {
        "costOfGoodsSold": 983,
        "depreciationAmortization": 335,
        "dilutedAverageSharesOutstanding": 531,
        "dilutedEPS": -0.67,
        "ebit": 307,
        "equityEarningsAffiliates": 2,
        "gainLossOnDispositionOfAssets": 5,
        "grossIncome": 808,
        "interestExpense": 64,
        "interestIncomeExpense": -73,
        "minorityInterest": -79,
        "netIncome": -358,
        "netIncomeAfterTaxes": 133,
        "nonRecurringItems": -16,
        "otherOperatingExpensesTotal": 5,
        "period": "2016-09-30",
        "pretaxIncome": 223,
        "provisionforIncomeTaxes": 90,
        "researchDevelopment": 73,
        "revenue": 1791,
        "sgaExpense": 88,
        "totalOperatingExpense": 501,
        "totalOtherIncomeExpenseNet": 0
      },
      {
        "costOfGoodsSold": 902,
        "depreciationAmortization": 281,
        "dilutedAverageSharesOutstanding": 531,
        "dilutedEPS": 0.03,
        "ebit": 318,
        "equityEarningsAffiliates": -5,
        "gainLossOnDispositionOfAssets": 0,
        "grossIncome": 767,
        "interestExpense": 66,
        "interestIncomeExpense": -70,
        "minorityInterest": 16,
        "netIncome": 23,
        "netIncomeAfterTaxes": 3,
        "nonRecurringItems": -12,
        "otherOperatingExpensesTotal": 3,
        "period": "2016-06-30",
        "pretaxIncome": 241,
        "provisionforIncomeTaxes": 238,
        "researchDevelopment": 82,
        "revenue": 1669,
        "sgaExpense": 83,
        "totalOperatingExpense": 449,
        "totalOtherIncomeExpenseNet": 5
      },
      {
        "costOfGoodsSold": 851,
        "depreciationAmortization": 276,
        "dilutedAverageSharesOutstanding": 530,
        "dilutedEPS": 0.09,
        "ebit": 199,
        "equityEarningsAffiliates": -5,
        "gainLossOnDispositionOfAssets": 104,
        "grossIncome": 611,
        "interestExpense": 74,
        "interestIncomeExpense": -90,
        "minorityInterest": 12,
        "netIncome": 52,
        "netIncomeAfterTaxes": -19,
        "nonRecurringItems": -13,
        "otherOperatingExpensesTotal": 5,
        "period": "2016-03-31",
        "pretaxIncome": 208,
        "provisionforIncomeTaxes": 227,
        "researchDevelopment": 57,
        "revenue": 1462,
        "sgaExpense": 74,
        "totalOperatingExpense": 412,
        "totalOtherIncomeExpenseNet": 8
      },
      {
        "costOfGoodsSold": 969,
        "depreciationAmortization": 310,
        "dilutedAverageSharesOutstanding": 531,
        "dilutedEPS": -0.47,
        "ebit": -193,
        "equityEarningsAffiliates": -11,
        "gainLossOnDispositionOfAssets": 9,
        "grossIncome": 483,
        "interestExpense": 71,
        "interestIncomeExpense": -76,
        "minorityInterest": 317,
        "netIncome": -254,
        "netIncomeAfterTaxes": -416,
        "nonRecurringItems": -75,
        "otherOperatingExpensesTotal": 37,
        "period": "2015-12-31",
        "pretaxIncome": -327,
        "provisionforIncomeTaxes": 89,
        "researchDevelopment": 80,
        "revenue": 1452,
        "sgaExpense": 249,
        "totalOperatingExpense": 676,
        "totalOtherIncomeExpenseNet": 8
      },
      {
        "costOfGoodsSold": 925,
        "depreciationAmortization": 292,
        "dilutedAverageSharesOutstanding": 530,
        "dilutedEPS": 0.41,
        "ebit": 192,
        "equityEarningsAffiliates": -18,
        "gainLossOnDispositionOfAssets": 142,
        "grossIncome": 635,
        "interestExpense": 74,
        "interestIncomeExpense": -49,
        "minorityInterest": -66,
        "netIncome": 219,
        "netIncomeAfterTaxes": 177,
        "nonRecurringItems": -51,
        "otherOperatingExpensesTotal": 5,
        "period": "2015-09-30",
        "pretaxIncome": 238,
        "provisionforIncomeTaxes": 61,
        "researchDevelopment": 65,
        "revenue": 1560,
        "sgaExpense": 81,
        "totalOperatingExpense": 443,
        "totalOtherIncomeExpenseNet": 4
      }
    ],
    "symbol": "NEM"
  }
}