{
  "symbol": "SO",
  "statement": "ic",
  "frequency": "annual",
  "timestamp": "2025-09-19T14:06:49.779139",
  "data": {
    "financials": [
      {
        "costOfGoodsSold": 2747,
        "depreciationAmortization": 4755,
        "dilutedAverageSharesOutstanding": 1102,
        "dilutedEPS": 3.9937,
        "ebit": 7047,
        "grossIncome": 23977,
        "interestExpense": 2743,
        "interestIncomeExpense": -2604,
        "minorityInterest": 141,
        "netIncome": 4401,
        "netIncomeAfterTaxes": 4260,
        "nonRecurringItems": 21,
        "operationsMaintenance": 6539,
        "otherOperatingExpensesTotal": 1540,
        "otherRevenue": 1151,
        "period": "2024-12-31",
        "pretaxIncome": 5229,
        "provisionforIncomeTaxes": 969,
        "purchasedFuelPowerGas": 4096,
        "revenue": 26724,
        "totalOperatingExpense": 16930,
        "totalOtherIncomeExpenseNet": 765,
        "year": 2024
      },
      {
        "costOfGoodsSold": 3087,
        "depreciationAmortization": 4525,
        "dilutedAverageSharesOutstanding": 1098,
        "dilutedEPS": 3.6211,
        "ebit": 5758,
        "grossIncome": 22166,
        "interestExpense": 2446,
        "interestIncomeExpense": -2302,
        "minorityInterest": 127,
        "netIncome": 3976,
        "netIncomeAfterTaxes": 3849,
        "nonRecurringItems": 68,
        "operationsMaintenance": 6093,
        "otherOperatingExpensesTotal": 1425,
        "otherRevenue": 949,
        "period": "2023-12-31",
        "pretaxIncome": 4345,
        "provisionforIncomeTaxes": 496,
        "purchasedFuelPowerGas": 4365,
        "revenue": 25253,
        "totalOperatingExpense": 16408,
        "totalOtherIncomeExpenseNet": 821,
        "year": 2023
      },
      {
        "costOfGoodsSold": 4993,
        "depreciationAmortization": 3663,
        "dilutedAverageSharesOutstanding": 1081,
        "dilutedEPS": 3.2599,
        "ebit": 5747,
        "grossIncome": 24286,
        "interestExpense": 2022,
        "interestIncomeExpense": -1871,
        "minorityInterest": 107,
        "netIncome": 3524,
        "netIncomeAfterTaxes": 3428,
        "nonRecurringItems": -377,
        "operationsMaintenance": 6630,
        "otherOperatingExpensesTotal": 1411,
        "otherRevenue": 732,
        "period": "2022-12-31",
        "pretaxIncome": 4223,
        "provisionforIncomeTaxes": 795,
        "purchasedFuelPowerGas": 6835,
        "revenue": 29279,
        "totalOperatingExpense": 18539,
        "totalOtherIncomeExpenseNet": 724,
        "year": 2022
      },
      {
        "costOfGoodsSold": 2954,
        "depreciationAmortization": 3565,
        "dilutedAverageSharesOutstanding": 1068,
        "dilutedEPS": 2.2406,
        "ebit": 5206,
        "grossIncome": 20159,
        "interestExpense": 1837,
        "interestIncomeExpense": -1761,
        "minorityInterest": 99,
        "netIncome": 2393,
        "netIncomeAfterTaxes": 2309,
        "nonRecurringItems": -1515,
        "operationsMaintenance": 6088,
        "otherOperatingExpensesTotal": 1290,
        "otherRevenue": 708,
        "period": "2021-12-31",
        "pretaxIncome": 2576,
        "provisionforIncomeTaxes": 267,
        "purchasedFuelPowerGas": 4010,
        "revenue": 23113,
        "totalOperatingExpense": 14953,
        "totalOtherIncomeExpenseNet": 646,
        "year": 2021
      },
      {
        "costOfGoodsSold": 2098,
        "depreciationAmortization": 3518,
        "dilutedAverageSharesOutstanding": 1065,
        "dilutedEPS": 2.93,
        "ebit": 5145,
        "grossIncome": 18277,
        "interestExpense": 1821,
        "interestIncomeExpense": -1668,
        "minorityInterest": 31,
        "netIncome": 3119,
        "netIncomeAfterTaxes": 3103,
        "nonRecurringItems": -466,
        "operationsMaintenance": 5413,
        "otherOperatingExpensesTotal": 1234,
        "otherRevenue": 681,
        "period": "2020-12-31",
        "pretaxIncome": 3496,
        "provisionforIncomeTaxes": 393,
        "purchasedFuelPowerGas": 2967,
        "revenue": 20375,
        "totalOperatingExpense": 13132,
        "totalOtherIncomeExpenseNet": 485,
        "year": 2020
      },
      {
        "costOfGoodsSold": 2570,
        "depreciationAmortization": 3038,
        "dilutedAverageSharesOutstanding": 1054,
        "dilutedEPS": 4.5,
        "ebit": 5359,
        "grossIncome": 18849,
        "interestExpense": 1736,
        "interestIncomeExpense": -1574,
        "minorityInterest": 10,
        "netIncome": 4739,
        "netIncomeAfterTaxes": 4744,
        "nonRecurringItems": 2377,
        "operationsMaintenance": 5600,
        "otherOperatingExpensesTotal": 1230,
        "otherRevenue": 755,
        "period": "2019-12-31",
        "pretaxIncome": 6542,
        "provisionforIncomeTaxes": 1798,
        "purchasedFuelPowerGas": 3622,
        "revenue": 21419,
        "totalOperatingExpense": 13490,
        "totalOtherIncomeExpenseNet": 380,
        "year": 2019
      },
      {
        "costOfGoodsSold": 3316,
        "depreciationAmortization": 3131,
        "dilutedAverageSharesOutstanding": 1025,
        "dilutedEPS": 2.17,
        "ebit": 5207,
        "grossIncome": 20179,
        "interestExpense": 1842,
        "interestIncomeExpense": -1694,
        "minorityInterest": -58,
        "netIncome": 2226,
        "netIncomeAfterTaxes": 2270,
        "nonRecurringItems": -1016,
        "operationsMaintenance": 5889,
        "otherOperatingExpensesTotal": 1315,
        "otherRevenue": 1239,
        "period": "2018-12-31",
        "pretaxIncome": 2749,
        "provisionforIncomeTaxes": 479,
        "purchasedFuelPowerGas": 4637,
        "revenue": 23495,
        "totalOperatingExpense": 14972,
        "totalOtherIncomeExpenseNet": 252,
        "year": 2018
      },
      {
        "costOfGoodsSold": 2977,
        "depreciationAmortization": 3010,
        "dilutedAverageSharesOutstanding": 1008,
        "dilutedEPS": 0.83,
        "ebit": 5655,
        "grossIncome": 20054,
        "interestExpense": 1694,
        "interestIncomeExpense": -1588,
        "minorityInterest": -46,
        "netIncome": 842,
        "netIncomeAfterTaxes": 662,
        "nonRecurringItems": -3322,
        "operationsMaintenance": 5739,
        "otherOperatingExpensesTotal": 1250,
        "otherRevenue": 803,
        "period": "2017-12-31",
        "pretaxIncome": 1068,
        "provisionforIncomeTaxes": 406,
        "purchasedFuelPowerGas": 4400,
        "revenue": 23031,
        "totalOperatingExpense": 14399,
        "totalOtherIncomeExpenseNet": 323,
        "year": 2017
      },
      {
        "costOfGoodsSold": 1623,
        "depreciationAmortization": 2502,
        "dilutedAverageSharesOutstanding": 958,
        "dilutedEPS": 2.56,
        "ebit": 4915,
        "grossIncome": 18273,
        "interestExpense": 1317,
        "interestIncomeExpense": -1258,
        "minorityInterest": -36,
        "netIncome": 2448,
        "netIncomeAfterTaxes": 2529,
        "nonRecurringItems": -429,
        "operationsMaintenance": 5382,
        "otherOperatingExpensesTotal": 1113,
        "otherRevenue": 442,
        "period": "2016-12-31",
        "pretaxIncome": 3480,
        "provisionforIncomeTaxes": 951,
        "purchasedFuelPowerGas": 4361,
        "revenue": 19896,
        "totalOperatingExpense": 13358,
        "totalOtherIncomeExpenseNet": 252,
        "year": 2016
      },
      {
        "costOfGoodsSold": 645,
        "depreciationAmortization": 2034,
        "dilutedAverageSharesOutstanding": 914,
        "dilutedEPS": 2.59,
        "ebit": 4647,
        "grossIncome": 16844,
        "interestExpense": 840,
        "interestIncomeExpense": -817,
        "minorityInterest": -14,
        "netIncome": 2367,
        "netIncomeAfterTaxes": 2435,
        "nonRecurringItems": -365,
        "operationsMaintenance": 4416,
        "otherOperatingExpensesTotal": 997,
        "otherRevenue": 47,
        "period": "2015-12-31",
        "pretaxIncome": 3629,
        "provisionforIncomeTaxes": 1194,
        "purchasedFuelPowerGas": 4750,
        "revenue": 17489,
        "totalOperatingExpense": 12197,
        "totalOtherIncomeExpenseNet": 164,
        "year": 2015
      }
    ],
    "symbol": "SO"
  }
}