{
  "symbol": "ED",
  "statement": "ic",
  "frequency": "quarterly",
  "timestamp": "2025-09-19T13:58:24.847380",
  "data": {
    "financials": [
      {
        "costOfGoodsSold": 820,
        "depreciationAmortization": 576,
        "dilutedAverageSharesOutstanding": 361.7,
        "dilutedEPS": 0.6801,
        "ebit": 355,
        "grossIncome": 2775,
        "interestIncomeExpense": -257,
        "netIncome": 246,
        "netIncomeAfterTaxes": 246,
        "operationsMaintenance": 923,
        "otherOperatingExpensesTotal": 894,
        "otherRevenue": 1,
        "period": "2025-06-30",
        "pretaxIncome": 296,
        "provisionforIncomeTaxes": 50,
        "purchasedFuelPowerGas": 27,
        "revenue": 3595,
        "totalOperatingExpense": 2420,
        "totalOtherIncomeExpenseNet": 198
      },
      {
        "costOfGoodsSold": 1083,
        "depreciationAmortization": 564,
        "dilutedAverageSharesOutstanding": 351.3,
        "dilutedEPS": 2.2516,
        "ebit": 1125,
        "grossIncome": 3715,
        "interestExpense": 274,
        "interestIncomeExpense": -258,
        "netIncome": 791,
        "netIncomeAfterTaxes": 791,
        "nonRecurringItems": 0,
        "operationsMaintenance": 952,
        "otherOperatingExpensesTotal": 947,
        "otherRevenue": 0,
        "period": "2025-03-31",
        "pretaxIncome": 1033,
        "provisionforIncomeTaxes": 242,
        "purchasedFuelPowerGas": 127,
        "revenue": 4798,
        "totalOperatingExpense": 2590,
        "totalOtherIncomeExpenseNet": 166
      },
      {
        "costOfGoodsSold": 824,
        "depreciationAmortization": 554,
        "dilutedAverageSharesOutstanding": 347.6,
        "dilutedEPS": 0.8918,
        "ebit": 509,
        "grossIncome": 2845,
        "interestExpense": 269,
        "interestIncomeExpense": -253,
        "netIncome": 310,
        "netIncomeAfterTaxes": 310,
        "nonRecurringItems": -32,
        "operationsMaintenance": 910,
        "otherOperatingExpensesTotal": 832,
        "otherRevenue": 0,
        "period": "2024-12-31",
        "pretaxIncome": 321,
        "provisionforIncomeTaxes": 11,
        "purchasedFuelPowerGas": 40,
        "revenue": 3669,
        "totalOperatingExpense": 2336,
        "totalOtherIncomeExpenseNet": 97
      },
      {
        "costOfGoodsSold": 810,
        "depreciationAmortization": 550,
        "dilutedAverageSharesOutstanding": 347.5,
        "dilutedEPS": 1.6921,
        "ebit": 862,
        "grossIncome": 3282,
        "interestExpense": 259,
        "interestIncomeExpense": -242,
        "netIncome": 588,
        "netIncomeAfterTaxes": 588,
        "nonRecurringItems": 0,
        "operationsMaintenance": 986,
        "otherOperatingExpensesTotal": 857,
        "otherRevenue": 1,
        "period": "2024-09-30",
        "pretaxIncome": 721,
        "provisionforIncomeTaxes": 133,
        "purchasedFuelPowerGas": 27,
        "revenue": 4092,
        "totalOperatingExpense": 2420,
        "totalOtherIncomeExpenseNet": 101
      },
      {
        "costOfGoodsSold": 624,
        "depreciationAmortization": 512,
        "dilutedAverageSharesOutstanding": 347.1,
        "dilutedEPS": 0.582,
        "ebit": 320,
        "grossIncome": 2596,
        "interestExpense": 252,
        "interestIncomeExpense": -241,
        "netIncome": 202,
        "netIncomeAfterTaxes": 202,
        "operationsMaintenance": 967,
        "otherOperatingExpensesTotal": 782,
        "period": "2024-06-30",
        "pretaxIncome": 192,
        "provisionforIncomeTaxes": -10,
        "purchasedFuelPowerGas": 15,
        "revenue": 3220,
        "totalOperatingExpense": 2276,
        "totalOtherIncomeExpenseNet": 113
      },
      {
        "costOfGoodsSold": 916,
        "depreciationAmortization": 539,
        "dilutedAverageSharesOutstanding": 346.8,
        "dilutedEPS": 2.0761,
        "ebit": 1041,
        "grossIncome": 3364,
        "interestExpense": 241,
        "interestIncomeExpense": -222,
        "minorityInterest": 0,
        "netIncome": 720,
        "netIncomeAfterTaxes": 720,
        "nonRecurringItems": -30,
        "operationsMaintenance": 888,
        "otherOperatingExpensesTotal": 808,
        "otherRevenue": 1,
        "period": "2024-03-31",
        "pretaxIncome": 904,
        "provisionforIncomeTaxes": 184,
        "purchasedFuelPowerGas": 88,
        "revenue": 4280,
        "totalOperatingExpense": 2323,
        "totalOtherIncomeExpenseNet": 115
      },
      {
        "costOfGoodsSold": 737,
        "depreciationAmortization": 525,
        "dilutedAverageSharesOutstanding": 347.5,
        "dilutedEPS": 0.9612,
        "ebit": 452,
        "grossIncome": 2707,
        "interestExpense": 230,
        "interestIncomeExpense": -191,
        "minorityInterest": 0,
        "netIncome": 334,
        "netIncomeAfterTaxes": 334,
        "nonRecurringItems": -1,
        "operationsMaintenance": 928,
        "otherOperatingExpensesTotal": 761,
        "otherRevenue": 1,
        "period": "2023-12-31",
        "pretaxIncome": 405,
        "provisionforIncomeTaxes": 71,
        "purchasedFuelPowerGas": 41,
        "revenue": 3444,
        "totalOperatingExpense": 2255,
        "totalOtherIncomeExpenseNet": 145
      },
      {
        "costOfGoodsSold": 869,
        "depreciationAmortization": 512,
        "dilutedAverageSharesOutstanding": 346.5,
        "dilutedEPS": 1.518,
        "ebit": 723,
        "grossIncome": 3003,
        "interestExpense": 220,
        "interestIncomeExpense": -212,
        "minorityInterest": 0,
        "netIncome": 526,
        "netIncomeAfterTaxes": 526,
        "nonRecurringItems": -1,
        "operationsMaintenance": 933,
        "otherOperatingExpensesTotal": 801,
        "otherRevenue": 1,
        "period": "2023-09-30",
        "pretaxIncome": 670,
        "provisionforIncomeTaxes": 144,
        "purchasedFuelPowerGas": 34,
        "revenue": 3872,
        "totalOperatingExpense": 2280,
        "totalOtherIncomeExpenseNet": 160
      },
      {
        "costOfGoodsSold": 594,
        "depreciationAmortization": 496,
        "dilutedAverageSharesOutstanding": 347.4,
        "dilutedEPS": 0.6506,
        "ebit": 271,
        "grossIncome": 2350,
        "interestExpense": 222,
        "interestIncomeExpense": -214,
        "minorityInterest": 0,
        "netIncome": 226,
        "netIncomeAfterTaxes": 226,
        "nonRecurringItems": 13,
        "operationsMaintenance": 849,
        "otherOperatingExpensesTotal": 716,
        "otherRevenue": 1,
        "period": "2023-06-30",
        "pretaxIncome": 255,
        "provisionforIncomeTaxes": 29,
        "purchasedFuelPowerGas": 18,
        "revenue": 2944,
        "totalOperatingExpense": 2079,
        "totalOtherIncomeExpenseNet": 185
      },
      {
        "costOfGoodsSold": 1170,
        "depreciationAmortization": 499,
        "dilutedAverageSharesOutstanding": 354.2,
        "dilutedEPS": 4.0457,
        "ebit": 884,
        "grossIncome": 3233,
        "interestExpense": 238,
        "interestIncomeExpense": -230,
        "minorityInterest": 3,
        "netIncome": 1433,
        "netIncomeAfterTaxes": 1430,
        "nonRecurringItems": 855,
        "operationsMaintenance": 896,
        "otherOperatingExpensesTotal": 765,
        "otherRevenue": 129,
        "period": "2023-03-31",
        "pretaxIncome": 1673,
        "provisionforIncomeTaxes": 243,
        "purchasedFuelPowerGas": 189,
        "revenue": 4403,
        "totalOperatingExpense": 2349,
        "totalOtherIncomeExpenseNet": 164
      },
      {
        "costOfGoodsSold": 1040,
        "depreciationAmortization": 463,
        "dilutedAverageSharesOutstanding": 356.1,
        "dilutedEPS": 0.5336,
        "ebit": 550,
        "grossIncome": 2991,
        "interestExpense": 246,
        "interestIncomeExpense": -241,
        "minorityInterest": 17,
        "netIncome": 190,
        "netIncomeAfterTaxes": 173,
        "operationsMaintenance": 1120,
        "otherOperatingExpensesTotal": 757,
        "otherRevenue": 462,
        "period": "2022-12-31",
        "pretaxIncome": 341,
        "provisionforIncomeTaxes": 168,
        "purchasedFuelPowerGas": 101,
        "revenue": 4031,
        "totalOperatingExpense": 2441,
        "totalOtherIncomeExpenseNet": 32
      },
      {
        "costOfGoodsSold": 916,
        "depreciationAmortization": 525,
        "dilutedAverageSharesOutstanding": 355.9,
        "dilutedEPS": 1.7224,
        "ebit": 889,
        "grossIncome": 3249,
        "interestExpense": 231,
        "interestIncomeExpense": -226,
        "minorityInterest": -6,
        "netIncome": 613,
        "netIncomeAfterTaxes": 619,
        "operationsMaintenance": 999,
        "otherOperatingExpensesTotal": 777,
        "otherRevenue": 326,
        "period": "2022-09-30",
        "pretaxIncome": 779,
        "provisionforIncomeTaxes": 160,
        "purchasedFuelPowerGas": 59,
        "revenue": 4165,
        "totalOperatingExpense": 2360,
        "totalOtherIncomeExpenseNet": 116
      },
      {
        "costOfGoodsSold": 838,
        "depreciationAmortization": 539,
        "dilutedAverageSharesOutstanding": 355.5,
        "dilutedEPS": 0.7173,
        "ebit": 387,
        "grossIncome": 2577,
        "interestExpense": 237,
        "interestIncomeExpense": -232,
        "minorityInterest": 1,
        "netIncome": 255,
        "netIncomeAfterTaxes": 254,
        "operationsMaintenance": 881,
        "otherOperatingExpensesTotal": 718,
        "otherRevenue": 272,
        "period": "2022-06-30",
        "pretaxIncome": 271,
        "provisionforIncomeTaxes": 17,
        "purchasedFuelPowerGas": 52,
        "revenue": 3415,
        "totalOperatingExpense": 2190,
        "totalOtherIncomeExpenseNet": 116
      },
      {
        "costOfGoodsSold": 930,
        "depreciationAmortization": 529,
        "dilutedAverageSharesOutstanding": 355.1,
        "dilutedEPS": 1.6953,
        "ebit": 799,
        "grossIncome": 3130,
        "interestExpense": 238,
        "interestIncomeExpense": -233,
        "minorityInterest": 48,
        "netIncome": 602,
        "netIncomeAfterTaxes": 554,
        "operationsMaintenance": 905,
        "otherOperatingExpensesTotal": 753,
        "otherRevenue": 258,
        "period": "2022-03-31",
        "pretaxIncome": 707,
        "provisionforIncomeTaxes": 153,
        "purchasedFuelPowerGas": 144,
        "revenue": 4060,
        "totalOperatingExpense": 2331,
        "totalOtherIncomeExpenseNet": 141
      },
      {
        "costOfGoodsSold": 616,
        "depreciationAmortization": 521,
        "dilutedAverageSharesOutstanding": 355.1,
        "dilutedEPS": 0.6308,
        "ebit": 697,
        "grossIncome": 2799,
        "interestExpense": 235,
        "interestIncomeExpense": -238,
        "minorityInterest": 38,
        "netIncome": 224,
        "netIncomeAfterTaxes": 186,
        "nonRecurringItems": -237,
        "operationsMaintenance": 811,
        "otherOperatingExpensesTotal": 707,
        "otherRevenue": 240,
        "period": "2021-12-31",
        "pretaxIncome": 182,
        "provisionforIncomeTaxes": -4,
        "purchasedFuelPowerGas": 63,
        "revenue": 3415,
        "totalOperatingExpense": 2102,
        "totalOtherIncomeExpenseNet": -40
      },
      {
        "costOfGoodsSold": 630,
        "depreciationAmortization": 511,
        "dilutedAverageSharesOutstanding": 352.9,
        "dilutedEPS": 1.5245,
        "ebit": 850,
        "grossIncome": 2983,
        "interestExpense": 234,
        "interestIncomeExpense": -229,
        "minorityInterest": 69,
        "netIncome": 538,
        "netIncomeAfterTaxes": 469,
        "nonRecurringItems": 0,
        "operationsMaintenance": 850,
        "otherOperatingExpensesTotal": 728,
        "otherRevenue": 265,
        "period": "2021-09-30",
        "pretaxIncome": 595,
        "provisionforIncomeTaxes": 126,
        "purchasedFuelPowerGas": 44,
        "revenue": 3613,
        "totalOperatingExpense": 2133,
        "totalOtherIncomeExpenseNet": -26
      },
      {
        "costOfGoodsSold": 546,
        "depreciationAmortization": 502,
        "dilutedAverageSharesOutstanding": 346.2,
        "dilutedEPS": 0.4766,
        "ebit": 418,
        "grossIncome": 2425,
        "interestExpense": 226,
        "interestIncomeExpense": -211,
        "minorityInterest": 47,
        "netIncome": 165,
        "netIncomeAfterTaxes": 118,
        "nonRecurringItems": -39,
        "operationsMaintenance": 804,
        "otherOperatingExpensesTotal": 672,
        "otherRevenue": 292,
        "period": "2021-06-30",
        "pretaxIncome": 107,
        "provisionforIncomeTaxes": -11,
        "purchasedFuelPowerGas": 29,
        "revenue": 2971,
        "totalOperatingExpense": 2007,
        "totalOtherIncomeExpenseNet": -61
      },
      {
        "costOfGoodsSold": 733,
        "depreciationAmortization": 497,
        "dilutedAverageSharesOutstanding": 343,
        "dilutedEPS": 1.22,
        "ebit": 860,
        "grossIncome": 2944,
        "interestExpense": 223,
        "interestIncomeExpense": -212,
        "minorityInterest": -1,
        "netIncome": 419,
        "netIncomeAfterTaxes": 420,
        "nonRecurringItems": -172,
        "operationsMaintenance": 790,
        "otherOperatingExpensesTotal": 704,
        "otherRevenue": 224,
        "period": "2021-03-31",
        "pretaxIncome": 498,
        "provisionforIncomeTaxes": 78,
        "purchasedFuelPowerGas": 93,
        "revenue": 3677,
        "totalOperatingExpense": 2084,
        "totalOtherIncomeExpenseNet": 22
      },
      {
        "costOfGoodsSold": 571,
        "depreciationAmortization": 492,
        "dilutedAverageSharesOutstanding": 337.8,
        "dilutedEPS": 0.13,
        "ebit": 507,
        "grossIncome": 2389,
        "interestExpense": 226,
        "interestIncomeExpense": -518,
        "minorityInterest": -6,
        "netIncome": 43,
        "netIncomeAfterTaxes": 49,
        "nonRecurringItems": 0,
        "operationsMaintenance": 698,
        "otherOperatingExpensesTotal": 660,
        "otherRevenue": 171,
        "period": "2020-12-31",
        "pretaxIncome": -44,
        "provisionforIncomeTaxes": -93,
        "purchasedFuelPowerGas": 32,
        "revenue": 2960,
        "totalOperatingExpense": 1882,
        "totalOtherIncomeExpenseNet": -33
      },
      {
        "costOfGoodsSold": 558,
        "depreciationAmortization": 482,
        "dilutedAverageSharesOutstanding": 335.4,
        "dilutedEPS": 1.47,
        "ebit": 860,
        "grossIncome": 2775,
        "interestExpense": 222,
        "interestIncomeExpense": -195,
        "minorityInterest": -9,
        "netIncome": 493,
        "netIncomeAfterTaxes": 502,
        "operationsMaintenance": 736,
        "otherOperatingExpensesTotal": 673,
        "otherRevenue": 223,
        "period": "2020-09-30",
        "pretaxIncome": 621,
        "provisionforIncomeTaxes": 119,
        "purchasedFuelPowerGas": 24,
        "revenue": 3333,
        "totalOperatingExpense": 1915,
        "totalOtherIncomeExpenseNet": -44
      },
      {
        "costOfGoodsSold": 457,
        "depreciationAmortization": 476,
        "dilutedAverageSharesOutstanding": 335,
        "dilutedEPS": 0.57,
        "ebit": 479,
        "grossIncome": 2262,
        "interestExpense": 232,
        "interestIncomeExpense": -207,
        "minorityInterest": -12,
        "netIncome": 190,
        "netIncomeAfterTaxes": 202,
        "operationsMaintenance": 680,
        "otherOperatingExpensesTotal": 604,
        "otherRevenue": 199,
        "period": "2020-06-30",
        "pretaxIncome": 211,
        "provisionforIncomeTaxes": 9,
        "purchasedFuelPowerGas": 23,
        "revenue": 2719,
        "totalOperatingExpense": 1783,
        "totalOtherIncomeExpenseNet": -61
      },
      {
        "costOfGoodsSold": 540,
        "depreciationAmortization": 470,
        "dilutedAverageSharesOutstanding": 334.6,
        "dilutedEPS": 1.12,
        "ebit": 808,
        "grossIncome": 2694,
        "interestExpense": 221,
        "interestIncomeExpense": -195,
        "minorityInterest": -17,
        "netIncome": 375,
        "netIncomeAfterTaxes": 392,
        "operationsMaintenance": 700,
        "otherOperatingExpensesTotal": 638,
        "otherRevenue": 147,
        "period": "2020-03-31",
        "pretaxIncome": 447,
        "provisionforIncomeTaxes": 55,
        "purchasedFuelPowerGas": 78,
        "revenue": 3234,
        "totalOperatingExpense": 1886,
        "totalOtherIncomeExpenseNet": -166
      },
      {
        "costOfGoodsSold": 552,
        "depreciationAmortization": 431,
        "dilutedAverageSharesOutstanding": 333.1,
        "dilutedEPS": 0.89,
        "ebit": 565,
        "grossIncome": 2399,
        "interestExpense": 225,
        "interestIncomeExpense": -199,
        "minorityInterest": -18,
        "netIncome": 295,
        "netIncomeAfterTaxes": 313,
        "nonRecurringItems": 0,
        "operationsMaintenance": 753,
        "otherOperatingExpensesTotal": 606,
        "otherRevenue": 163,
        "period": "2019-12-31",
        "pretaxIncome": 366,
        "provisionforIncomeTaxes": 53,
        "purchasedFuelPowerGas": 44,
        "revenue": 2951,
        "totalOperatingExpense": 1834,
        "totalOtherIncomeExpenseNet": 0
      },
      {
        "costOfGoodsSold": 581,
        "depreciationAmortization": 421,
        "dilutedAverageSharesOutstanding": 333.2,
        "dilutedEPS": 1.42,
        "ebit": 867,
        "grossIncome": 2784,
        "interestExpense": 217,
        "interestIncomeExpense": -192,
        "minorityInterest": -30,
        "netIncome": 473,
        "netIncomeAfterTaxes": 503,
        "operationsMaintenance": 847,
        "otherOperatingExpensesTotal": 618,
        "otherRevenue": 248,
        "period": "2019-09-30",
        "pretaxIncome": 619,
        "provisionforIncomeTaxes": 116,
        "purchasedFuelPowerGas": 31,
        "revenue": 3365,
        "totalOperatingExpense": 1917,
        "totalOtherIncomeExpenseNet": -56
      },
      {
        "costOfGoodsSold": 483,
        "depreciationAmortization": 418,
        "dilutedAverageSharesOutstanding": 329.2,
        "dilutedEPS": 0.46,
        "ebit": 458,
        "grossIncome": 2261,
        "interestExpense": 216,
        "interestIncomeExpense": -194,
        "minorityInterest": -27,
        "netIncome": 152,
        "netIncomeAfterTaxes": 179,
        "operationsMaintenance": 781,
        "otherOperatingExpensesTotal": 578,
        "otherRevenue": 234,
        "period": "2019-06-30",
        "pretaxIncome": 198,
        "provisionforIncomeTaxes": 19,
        "purchasedFuelPowerGas": 26,
        "revenue": 2744,
        "totalOperatingExpense": 1803,
        "totalOtherIncomeExpenseNet": -66
      },
      {
        "costOfGoodsSold": 810,
        "depreciationAmortization": 413,
        "dilutedAverageSharesOutstanding": 323.4,
        "dilutedEPS": 1.31,
        "ebit": 786,
        "grossIncome": 2704,
        "interestExpense": 218,
        "interestIncomeExpense": -194,
        "minorityInterest": -21,
        "netIncome": 424,
        "netIncomeAfterTaxes": 445,
        "operationsMaintenance": 794,
        "otherOperatingExpensesTotal": 605,
        "otherRevenue": 218,
        "period": "2019-03-31",
        "pretaxIncome": 553,
        "provisionforIncomeTaxes": 108,
        "purchasedFuelPowerGas": 106,
        "revenue": 3514,
        "totalOperatingExpense": 1918,
        "totalOtherIncomeExpenseNet": -39
      },
      {
        "costOfGoodsSold": 662,
        "depreciationAmortization": 377,
        "dilutedAverageSharesOutstanding": 315.9,
        "dilutedEPS": 1.05,
        "ebit": 526,
        "grossIncome": 2287,
        "interestExpense": 201,
        "interestIncomeExpense": -178,
        "netIncome": 331,
        "netIncomeAfterTaxes": 331,
        "nonRecurringItems": 131,
        "operationsMaintenance": 763,
        "otherOperatingExpensesTotal": 559,
        "otherRevenue": 190,
        "period": "2018-12-31",
        "pretaxIncome": 402,
        "provisionforIncomeTaxes": 71,
        "purchasedFuelPowerGas": 62,
        "revenue": 2949,
        "totalOperatingExpense": 1761,
        "totalOtherIncomeExpenseNet": -77
      },
      {
        "costOfGoodsSold": 709,
        "depreciationAmortization": 360,
        "dilutedAverageSharesOutstanding": 312.3,
        "dilutedEPS": 1.39,
        "ebit": 826,
        "grossIncome": 2619,
        "interestExpense": 192,
        "interestIncomeExpense": -153,
        "netIncome": 435,
        "netIncomeAfterTaxes": 477,
        "nonRecurringItems": 0,
        "operationsMaintenance": 797,
        "otherOperatingExpensesTotal": 597,
        "otherRevenue": 183,
        "period": "2018-09-30",
        "pretaxIncome": 610,
        "provisionforIncomeTaxes": 133,
        "purchasedFuelPowerGas": 39,
        "revenue": 3328,
        "totalOperatingExpense": 1793,
        "totalOtherIncomeExpenseNet": -63
      },
      {
        "costOfGoodsSold": 582,
        "depreciationAmortization": 354,
        "dilutedAverageSharesOutstanding": 311.9,
        "dilutedEPS": 0.6,
        "ebit": 426,
        "grossIncome": 2114,
        "interestExpense": 188,
        "interestIncomeExpense": -152,
        "netIncome": 188,
        "netIncomeAfterTaxes": 188,
        "nonRecurringItems": 0,
        "operationsMaintenance": 756,
        "otherOperatingExpensesTotal": 540,
        "otherRevenue": 160,
        "period": "2018-06-30",
        "pretaxIncome": 226,
        "provisionforIncomeTaxes": 38,
        "purchasedFuelPowerGas": 38,
        "revenue": 2696,
        "totalOperatingExpense": 1688,
        "totalOtherIncomeExpenseNet": -48
      },
      {
        "costOfGoodsSold": 731,
        "depreciationAmortization": 348,
        "dilutedAverageSharesOutstanding": 311.6,
        "dilutedEPS": 1.37,
        "ebit": 755,
        "grossIncome": 2633,
        "interestExpense": 188,
        "interestIncomeExpense": -168,
        "netIncome": 428,
        "netIncomeAfterTaxes": 428,
        "operationsMaintenance": 836,
        "otherOperatingExpensesTotal": 570,
        "otherRevenue": 234,
        "period": "2018-03-31",
        "pretaxIncome": 545,
        "provisionforIncomeTaxes": 117,
        "purchasedFuelPowerGas": 124,
        "revenue": 3364,
        "totalOperatingExpense": 1878,
        "totalOtherIncomeExpenseNet": -42
      },
      {
        "costOfGoodsSold": 572,
        "depreciationAmortization": 343,
        "dilutedAverageSharesOutstanding": 312.1,
        "dilutedEPS": 1.61,
        "ebit": 585,
        "grossIncome": 2389,
        "interestExpense": 184,
        "interestIncomeExpense": -163,
        "netIncome": 505,
        "netIncomeAfterTaxes": 246,
        "nonRecurringItems": 0,
        "operationsMaintenance": 856,
        "otherOperatingExpensesTotal": 558,
        "otherRevenue": 235,
        "period": "2017-12-31",
        "pretaxIncome": 378,
        "provisionforIncomeTaxes": 132,
        "purchasedFuelPowerGas": 47,
        "revenue": 2961,
        "totalOperatingExpense": 1804,
        "totalOtherIncomeExpenseNet": -44
      },
      {
        "costOfGoodsSold": 575,
        "depreciationAmortization": 337,
        "dilutedAverageSharesOutstanding": 309.3,
        "dilutedEPS": 1.48,
        "ebit": 914,
        "grossIncome": 2636,
        "interestExpense": 181,
        "interestIncomeExpense": -144,
        "netIncome": 457,
        "netIncomeAfterTaxes": 457,
        "nonRecurringItems": 0,
        "operationsMaintenance": 811,
        "otherOperatingExpensesTotal": 544,
        "otherRevenue": 178,
        "period": "2017-09-30",
        "pretaxIncome": 727,
        "provisionforIncomeTaxes": 270,
        "purchasedFuelPowerGas": 30,
        "revenue": 3211,
        "totalOperatingExpense": 1722,
        "totalOtherIncomeExpenseNet": -43
      },
      {
        "costOfGoodsSold": 557,
        "depreciationAmortization": 332,
        "dilutedAverageSharesOutstanding": 306.8,
        "dilutedEPS": 0.57,
        "ebit": 463,
        "grossIncome": 2076,
        "interestExpense": 177,
        "interestIncomeExpense": -143,
        "netIncome": 175,
        "netIncomeAfterTaxes": 175,
        "nonRecurringItems": 1,
        "operationsMaintenance": 732,
        "otherOperatingExpensesTotal": 511,
        "otherRevenue": 145,
        "period": "2017-06-30",
        "pretaxIncome": 277,
        "provisionforIncomeTaxes": 102,
        "purchasedFuelPowerGas": 38,
        "revenue": 2633,
        "totalOperatingExpense": 1613,
        "totalOtherIncomeExpenseNet": -44
      },
      {
        "costOfGoodsSold": 706,
        "depreciationAmortization": 329,
        "dilutedAverageSharesOutstanding": 306.3,
        "dilutedEPS": 1.27,
        "ebit": 812,
        "grossIncome": 2522,
        "interestExpense": 177,
        "interestIncomeExpense": -158,
        "netIncome": 388,
        "netIncomeAfterTaxes": 388,
        "operationsMaintenance": 739,
        "otherOperatingExpensesTotal": 542,
        "otherRevenue": 134,
        "period": "2017-03-31",
        "pretaxIncome": 615,
        "provisionforIncomeTaxes": 227,
        "purchasedFuelPowerGas": 100,
        "revenue": 3228,
        "totalOperatingExpense": 1710,
        "totalOtherIncomeExpenseNet": -39
      },
      {
        "costOfGoodsSold": 549,
        "depreciationAmortization": 311,
        "dilutedAverageSharesOutstanding": 306.1,
        "dilutedEPS": 0.67,
        "ebit": 683,
        "grossIncome": 2158,
        "interestExpense": 172,
        "interestIncomeExpense": -167,
        "netIncome": 206,
        "netIncomeAfterTaxes": 206,
        "nonRecurringItems": 0,
        "operationsMaintenance": 617,
        "otherOperatingExpensesTotal": 508,
        "otherRevenue": 92,
        "period": "2016-12-31",
        "pretaxIncome": 302,
        "provisionforIncomeTaxes": 96,
        "purchasedFuelPowerGas": 39,
        "revenue": 2707,
        "totalOperatingExpense": 1475,
        "totalOtherIncomeExpenseNet": -214
      },
      {
        "costOfGoodsSold": 879,
        "depreciationAmortization": 305,
        "dilutedAverageSharesOutstanding": 305.9,
        "dilutedEPS": 1.62,
        "ebit": 836,
        "grossIncome": 2538,
        "interestExpense": 173,
        "interestIncomeExpense": -122,
        "netIncome": 497,
        "netIncomeAfterTaxes": 497,
        "nonRecurringItems": 104,
        "operationsMaintenance": 840,
        "otherOperatingExpensesTotal": 528,
        "otherRevenue": 350,
        "period": "2016-09-30",
        "pretaxIncome": 811,
        "provisionforIncomeTaxes": 314,
        "purchasedFuelPowerGas": 29,
        "revenue": 3417,
        "totalOperatingExpense": 1702,
        "totalOtherIncomeExpenseNet": -7
      },
      {
        "costOfGoodsSold": 639,
        "depreciationAmortization": 302,
        "dilutedAverageSharesOutstanding": 300.4,
        "dilutedEPS": 0.77,
        "ebit": 515,
        "grossIncome": 2155,
        "interestExpense": 165,
        "interestIncomeExpense": -150,
        "netIncome": 232,
        "netIncomeAfterTaxes": 232,
        "nonRecurringItems": 0,
        "operationsMaintenance": 820,
        "otherOperatingExpensesTotal": 485,
        "otherRevenue": 338,
        "period": "2016-06-30",
        "pretaxIncome": 356,
        "provisionforIncomeTaxes": 124,
        "purchasedFuelPowerGas": 33,
        "revenue": 2794,
        "totalOperatingExpense": 1640,
        "totalOtherIncomeExpenseNet": -9
      },
      {
        "costOfGoodsSold": 849,
        "depreciationAmortization": 297,
        "dilutedAverageSharesOutstanding": 294.8,
        "dilutedEPS": 1.05,
        "ebit": 642,
        "grossIncome": 2307,
        "interestExpense": 162,
        "interestIncomeExpense": -158,
        "netIncome": 310,
        "netIncomeAfterTaxes": 310,
        "operationsMaintenance": 787,
        "otherOperatingExpensesTotal": 510,
        "otherRevenue": 310,
        "period": "2016-03-31",
        "pretaxIncome": 474,
        "provisionforIncomeTaxes": 164,
        "purchasedFuelPowerGas": 71,
        "revenue": 3156,
        "totalOperatingExpense": 1665,
        "totalOtherIncomeExpenseNet": -10
      },
      {
        "costOfGoodsSold": 649,
        "depreciationAmortization": 290,
        "dilutedAverageSharesOutstanding": 295,
        "dilutedEPS": 0.6,
        "ebit": 399,
        "gainLossOnDispositionOfAssets": 0,
        "grossIncome": 2058,
        "interestExpense": 162,
        "interestIncomeExpense": -158,
        "netIncome": 176,
        "netIncomeAfterTaxes": 176,
        "operationsMaintenance": 859,
        "otherOperatingExpensesTotal": 478,
        "otherRevenue": 296,
        "period": "2015-12-31",
        "pretaxIncome": 233,
        "provisionforIncomeTaxes": 57,
        "purchasedFuelPowerGas": 32,
        "revenue": 2707,
        "totalOperatingExpense": 1659,
        "totalOtherIncomeExpenseNet": -8
      },
      {
        "costOfGoodsSold": 924,
        "depreciationAmortization": 285,
        "dilutedAverageSharesOutstanding": 294.2,
        "dilutedEPS": 1.45,
        "ebit": 830,
        "gainLossOnDispositionOfAssets": 0,
        "grossIncome": 2519,
        "interestExpense": 156,
        "interestIncomeExpense": -144,
        "netIncome": 428,
        "netIncomeAfterTaxes": 428,
        "nonRecurringItems": 0,
        "operationsMaintenance": 869,
        "otherOperatingExpensesTotal": 504,
        "otherRevenue": 386,
        "period": "2015-09-30",
        "pretaxIncome": 677,
        "provisionforIncomeTaxes": 249,
        "purchasedFuelPowerGas": 31,
        "revenue": 3443,
        "totalOperatingExpense": 1689,
        "totalOtherIncomeExpenseNet": -9
      }
    ],
    "symbol": "ED"
  }
}