{
  "symbol": "DD",
  "statement": "ic",
  "frequency": "annual",
  "timestamp": "2025-09-19T13:59:29.096411",
  "data": {
    "financials": [
      {
        "costOfGoodsSold": 7854,
        "depreciationAmortization": 595,
        "dilutedAverageSharesOutstanding": 420.6,
        "dilutedEPS": 1.67,
        "ebit": 1876,
        "grossIncome": 4532,
        "interestExpense": 366,
        "interestIncomeExpense": -368,
        "minorityInterest": -35,
        "netIncome": 703,
        "netIncomeAfterTaxes": 778,
        "nonRecurringItems": -334,
        "otherOperatingExpensesTotal": -22,
        "period": "2024-12-31",
        "pretaxIncome": 1192,
        "provisionforIncomeTaxes": 414,
        "researchDevelopment": 531,
        "revenue": 12386,
        "sgaExpense": 1552,
        "totalOperatingExpense": 2656,
        "totalOtherIncomeExpenseNet": 18,
        "year": 2024
      },
      {
        "costOfGoodsSold": 7835,
        "depreciationAmortization": 600,
        "dilutedAverageSharesOutstanding": 451.2,
        "dilutedEPS": 0.93,
        "ebit": 1727,
        "grossIncome": 4233,
        "interestExpense": 396,
        "interestIncomeExpense": -263,
        "minorityInterest": -39,
        "netIncome": 423,
        "netIncomeAfterTaxes": 533,
        "nonRecurringItems": -951,
        "otherOperatingExpensesTotal": -10,
        "period": "2023-12-31",
        "pretaxIncome": 504,
        "provisionforIncomeTaxes": -29,
        "researchDevelopment": 508,
        "revenue": 12068,
        "sgaExpense": 1408,
        "totalOperatingExpense": 2506,
        "totalOtherIncomeExpenseNet": -9,
        "year": 2023
      },
      {
        "costOfGoodsSold": 8402,
        "depreciationAmortization": 590,
        "dilutedAverageSharesOutstanding": 499,
        "dilutedEPS": 11.75,
        "ebit": 2029,
        "gainLossOnDispositionOfAssets": 37,
        "grossIncome": 4615,
        "interestExpense": 492,
        "interestIncomeExpense": -352,
        "minorityInterest": -49,
        "netIncome": 5868,
        "netIncomeAfterTaxes": 1061,
        "nonRecurringItems": -294,
        "otherOperatingExpensesTotal": -7,
        "period": "2022-12-31",
        "pretaxIncome": 1448,
        "provisionforIncomeTaxes": 387,
        "researchDevelopment": 536,
        "revenue": 13017,
        "sgaExpense": 1467,
        "totalOperatingExpense": 2586,
        "totalOtherIncomeExpenseNet": 28,
        "year": 2022
      },
      {
        "costOfGoodsSold": 7971,
        "depreciationAmortization": 566,
        "dilutedAverageSharesOutstanding": 544,
        "dilutedEPS": 11.88,
        "ebit": 1870,
        "gainLossOnDispositionOfAssets": 28,
        "grossIncome": 4595,
        "interestExpense": 525,
        "interestIncomeExpense": -481,
        "minorityInterest": -48,
        "netIncome": 6467,
        "netIncomeAfterTaxes": 1207,
        "nonRecurringItems": -3,
        "period": "2021-12-31",
        "pretaxIncome": 1444,
        "provisionforIncomeTaxes": 237,
        "researchDevelopment": 557,
        "revenue": 12566,
        "sgaExpense": 1602,
        "totalOperatingExpense": 2725,
        "totalOtherIncomeExpenseNet": 30,
        "year": 2021
      },
      {
        "costOfGoodsSold": 7063,
        "depreciationAmortization": 542,
        "dilutedAverageSharesOutstanding": 736,
        "dilutedEPS": -4,
        "ebit": 1490,
        "grossIncome": 4065,
        "interestExpense": 672,
        "interestIncomeExpense": -540,
        "minorityInterest": -28,
        "netIncome": -2951,
        "netIncomeAfterTaxes": -1349,
        "nonRecurringItems": -2221,
        "otherOperatingExpensesTotal": -24,
        "period": "2020-12-31",
        "pretaxIncome": -1259,
        "provisionforIncomeTaxes": 90,
        "researchDevelopment": 565,
        "revenue": 11128,
        "sgaExpense": 1492,
        "totalOperatingExpense": 2575,
        "totalOtherIncomeExpenseNet": 12,
        "year": 2020
      },
      {
        "costOfGoodsSold": 10026,
        "depreciationAmortization": 701,
        "dilutedAverageSharesOutstanding": 746,
        "dilutedEPS": 0.66,
        "ebit": 1939,
        "gainLossOnDispositionOfAssets": 92,
        "grossIncome": 5410,
        "interestExpense": 667,
        "interestIncomeExpense": -630,
        "minorityInterest": -29,
        "netIncome": 497,
        "netIncomeAfterTaxes": -189,
        "nonRecurringItems": -1599,
        "otherOperatingExpensesTotal": 24,
        "period": "2019-12-31",
        "pretaxIncome": -126,
        "provisionforIncomeTaxes": 63,
        "researchDevelopment": 689,
        "revenue": 15436,
        "sgaExpense": 2057,
        "totalOperatingExpense": 3471,
        "totalOtherIncomeExpenseNet": 72,
        "year": 2019
      },
      {
        "costOfGoodsSold": 15302,
        "depreciationAmortization": 1044,
        "dilutedAverageSharesOutstanding": 772,
        "dilutedEPS": 4.95,
        "ebit": 2233,
        "gainLossOnDispositionOfAssets": 8,
        "grossIncome": 7292,
        "interestExpense": 55,
        "interestIncomeExpense": 338,
        "minorityInterest": -39,
        "netIncome": 3828,
        "netIncomeAfterTaxes": 346,
        "nonRecurringItems": -2075,
        "otherOperatingExpensesTotal": -83,
        "period": "2018-12-31",
        "pretaxIncome": 600,
        "provisionforIncomeTaxes": 254,
        "researchDevelopment": 1070,
        "revenue": 22594,
        "sgaExpense": 3028,
        "totalOperatingExpense": 5059,
        "totalOtherIncomeExpenseNet": 96,
        "year": 2018
      },
      {
        "costOfGoodsSold": 9558,
        "depreciationAmortization": 505,
        "dilutedAverageSharesOutstanding": 533,
        "dilutedEPS": 2.15,
        "ebit": -557,
        "gainLossOnDispositionOfAssets": -65,
        "grossIncome": 2114,
        "interestIncomeExpense": 427,
        "minorityInterest": -16,
        "netIncome": 1146,
        "netIncomeAfterTaxes": -853,
        "nonRecurringItems": -1295,
        "otherOperatingExpensesTotal": -106,
        "period": "2017-12-31",
        "pretaxIncome": -1525,
        "provisionforIncomeTaxes": -672,
        "researchDevelopment": 657,
        "revenue": 11672,
        "sgaExpense": 1615,
        "totalOperatingExpense": 2671,
        "totalOtherIncomeExpenseNet": -35,
        "year": 2017
      },
      {
        "costOfGoodsSold": 37640,
        "depreciationAmortization": 544,
        "dilutedAverageSharesOutstanding": 374,
        "dilutedEPS": 10.63,
        "ebit": 6886,
        "grossIncome": 10518,
        "interestExpense": 858,
        "interestIncomeExpense": -416,
        "minorityInterest": -86,
        "netIncome": 3978,
        "netIncomeAfterTaxes": 4404,
        "nonRecurringItems": -2057,
        "otherOperatingExpensesTotal": -1452,
        "period": "2016-12-31",
        "pretaxIncome": 4413,
        "provisionforIncomeTaxes": 9,
        "researchDevelopment": 1584,
        "revenue": 48158,
        "sgaExpense": 2956,
        "totalOperatingExpense": 3632,
        "year": 2016
      },
      {
        "costOfGoodsSold": 37745,
        "depreciationAmortization": 419,
        "dilutedAverageSharesOutstanding": 414,
        "dilutedEPS": 17.75,
        "ebit": 10784,
        "grossIncome": 11033,
        "interestExpense": 946,
        "interestIncomeExpense": -272,
        "minorityInterest": -98,
        "netIncome": 7345,
        "netIncomeAfterTaxes": 7783,
        "nonRecurringItems": -582,
        "otherOperatingExpensesTotal": -4716,
        "period": "2015-12-31",
        "pretaxIncome": 9930,
        "provisionforIncomeTaxes": 2147,
        "researchDevelopment": 1598,
        "revenue": 48778,
        "sgaExpense": 2948,
        "totalOperatingExpense": 249,
        "year": 2015
      }
    ],
    "symbol": "DD"
  }
}