{
  "symbol": "AEP",
  "statement": "ic",
  "frequency": "quarterly",
  "timestamp": "2025-09-19T13:55:47.544985",
  "data": {
    "financials": [
      {
        "costOfGoodsSold": 1541.4,
        "depreciationAmortization": 853.1,
        "dilutedAverageSharesOutstanding": 536.4256,
        "dilutedEPS": 2.2851,
        "ebit": 1399.1,
        "equityEarningsAffiliates": 20.6,
        "grossIncome": 3545.5,
        "interestIncomeExpense": -432.4,
        "minorityInterest": -62.5,
        "netIncome": 1225.8,
        "netIncomeAfterTaxes": 1267.7,
        "nonRecurringItems": 0,
        "operationsMaintenance": 928.3,
        "otherOperatingExpensesTotal": 365,
        "otherRevenue": 158.8,
        "period": "2025-06-30",
        "pretaxIncome": 1016.8,
        "provisionforIncomeTaxes": -250.9,
        "revenue": 5086.9,
        "totalOperatingExpense": 2146.4,
        "totalOtherIncomeExpenseNet": 50.1
      },
      {
        "costOfGoodsSold": 1852.9,
        "depreciationAmortization": 833.4,
        "dilutedAverageSharesOutstanding": 534.6635,
        "dilutedEPS": 1.4966,
        "ebit": 1284.2,
        "equityEarningsAffiliates": 38.2,
        "grossIncome": 3610.5,
        "interestExpense": 437.6,
        "interestIncomeExpense": -437.6,
        "minorityInterest": -2,
        "netIncome": 800.2,
        "netIncomeAfterTaxes": 764,
        "operationsMaintenance": 1070.9,
        "otherOperatingExpensesTotal": 422,
        "otherRevenue": 131.8,
        "period": "2025-03-31",
        "pretaxIncome": 889.5,
        "provisionforIncomeTaxes": 125.5,
        "revenue": 5463.4,
        "totalOperatingExpense": 2326.3,
        "totalOtherIncomeExpenseNet": 42.9
      },
      {
        "costOfGoodsSold": 1332.8,
        "depreciationAmortization": 828.2,
        "dilutedAverageSharesOutstanding": 533.9799,
        "dilutedEPS": 1.2437,
        "ebit": 1095.6,
        "equityEarningsAffiliates": 26.7,
        "grossIncome": 3363.5,
        "interestExpense": 404.8,
        "interestIncomeExpense": -404.8,
        "minorityInterest": -1.8,
        "netIncome": 664.1,
        "netIncomeAfterTaxes": 639.2,
        "nonRecurringItems": 0,
        "operationsMaintenance": 1054.6,
        "otherOperatingExpensesTotal": 385.1,
        "otherRevenue": 102.6,
        "period": "2024-12-31",
        "pretaxIncome": 697.7,
        "provisionforIncomeTaxes": 58.5,
        "revenue": 4696.3,
        "totalOperatingExpense": 2267.9,
        "totalOtherIncomeExpenseNet": 6.9
      },
      {
        "costOfGoodsSold": 1659.2,
        "depreciationAmortization": 852.7,
        "dilutedAverageSharesOutstanding": 533.6008,
        "dilutedEPS": 1.7984,
        "ebit": 1351.5,
        "equityEarningsAffiliates": 17.3,
        "grossIncome": 3760.9,
        "interestExpense": 444.6,
        "interestIncomeExpense": -444.6,
        "minorityInterest": -2.1,
        "netIncome": 959.6,
        "netIncomeAfterTaxes": 944.4,
        "nonRecurringItems": 0,
        "operationsMaintenance": 1149.5,
        "otherOperatingExpensesTotal": 407.2,
        "otherRevenue": 119.1,
        "period": "2024-09-30",
        "pretaxIncome": 981.9,
        "provisionforIncomeTaxes": 37.5,
        "revenue": 5420.1,
        "totalOperatingExpense": 2409.4,
        "totalOtherIncomeExpenseNet": 75
      },
      {
        "costOfGoodsSold": 1368.5,
        "depreciationAmortization": 821.9,
        "dilutedAverageSharesOutstanding": 530.141,
        "dilutedEPS": 0.6419,
        "ebit": 826.4,
        "equityEarningsAffiliates": 25.2,
        "grossIncome": 3210.7,
        "interestExpense": 410.4,
        "interestIncomeExpense": -410.4,
        "minorityInterest": -2.2,
        "netIncome": 340.3,
        "netIncomeAfterTaxes": 317.3,
        "nonRecurringItems": -142.5,
        "operationsMaintenance": 1168.8,
        "otherOperatingExpensesTotal": 393.6,
        "otherRevenue": 135.9,
        "period": "2024-06-30",
        "pretaxIncome": 324,
        "provisionforIncomeTaxes": 6.7,
        "revenue": 4579.2,
        "totalOperatingExpense": 2384.3,
        "totalOtherIncomeExpenseNet": 50.5
      },
      {
        "costOfGoodsSold": 1575.8,
        "depreciationAmortization": 787.1,
        "dilutedAverageSharesOutstanding": 527.5964,
        "dilutedEPS": 1.9013,
        "ebit": 1172.6,
        "equityEarningsAffiliates": 24.5,
        "grossIncome": 3449.9,
        "interestExpense": 392,
        "interestIncomeExpense": -392,
        "minorityInterest": -2.6,
        "netIncome": 1003.1,
        "netIncomeAfterTaxes": 981.2,
        "nonRecurringItems": 0,
        "operationsMaintenance": 1079.8,
        "otherOperatingExpensesTotal": 410.4,
        "otherRevenue": 125.4,
        "period": "2024-03-31",
        "pretaxIncome": 839.3,
        "provisionforIncomeTaxes": -141.9,
        "revenue": 5025.7,
        "totalOperatingExpense": 2277.3,
        "totalOtherIncomeExpenseNet": 58.7
      },
      {
        "costOfGoodsSold": 1690.5,
        "depreciationAmortization": 781,
        "dilutedAverageSharesOutstanding": 527.4709,
        "dilutedEPS": 0.6374,
        "ebit": 689.7,
        "equityEarningsAffiliates": -2.4,
        "grossIncome": 2886.7,
        "interestExpense": 409.4,
        "interestIncomeExpense": -409.4,
        "minorityInterest": -1.6,
        "netIncome": 336.2,
        "netIncomeAfterTaxes": 340.2,
        "nonRecurringItems": -66.3,
        "operationsMaintenance": 1072.9,
        "otherOperatingExpensesTotal": 343.1,
        "otherRevenue": 150.3,
        "period": "2023-12-31",
        "pretaxIncome": 291.6,
        "provisionforIncomeTaxes": -48.6,
        "revenue": 4577.2,
        "totalOperatingExpense": 2197,
        "totalOtherIncomeExpenseNet": 77.6
      },
      {
        "costOfGoodsSold": 1757,
        "depreciationAmortization": 792,
        "dilutedAverageSharesOutstanding": 521,
        "dilutedEPS": 1.83,
        "ebit": 1353,
        "equityEarningsAffiliates": 21,
        "grossIncome": 3585,
        "interestExpense": 419.2,
        "interestIncomeExpense": -419,
        "minorityInterest": -5,
        "netIncome": 954,
        "netIncomeAfterTaxes": 937,
        "nonRecurringItems": 0,
        "operationsMaintenance": 1045,
        "otherOperatingExpensesTotal": 394,
        "otherRevenue": 121,
        "period": "2023-09-30",
        "pretaxIncome": 1001,
        "provisionforIncomeTaxes": 64,
        "revenue": 5342,
        "totalOperatingExpense": 2231,
        "totalOtherIncomeExpenseNet": 67
      },
      {
        "costOfGoodsSold": 1425,
        "depreciationAmortization": 742,
        "dilutedAverageSharesOutstanding": 516,
        "dilutedEPS": 1.01,
        "ebit": 875,
        "equityEarningsAffiliates": 19,
        "grossIncome": 2948,
        "interestExpense": 419,
        "interestIncomeExpense": -419,
        "minorityInterest": 5,
        "netIncome": 521,
        "netIncomeAfterTaxes": 497,
        "nonRecurringItems": 0,
        "operationsMaintenance": 971,
        "otherOperatingExpensesTotal": 360,
        "otherRevenue": 95,
        "period": "2023-06-30",
        "pretaxIncome": 525,
        "provisionforIncomeTaxes": 29,
        "revenue": 4373,
        "totalOperatingExpense": 2073,
        "totalOtherIncomeExpenseNet": 70
      },
      {
        "costOfGoodsSold": 1706,
        "depreciationAmortization": 776,
        "dilutedAverageSharesOutstanding": 516,
        "dilutedEPS": 0.77,
        "ebit": 817,
        "equityEarningsAffiliates": 20,
        "grossIncome": 2985,
        "interestExpense": 384.4,
        "interestIncomeExpense": -384,
        "minorityInterest": -3,
        "netIncome": 397,
        "netIncomeAfterTaxes": 380,
        "nonRecurringItems": -112,
        "operationsMaintenance": 997,
        "otherOperatingExpensesTotal": 395,
        "otherRevenue": 92,
        "period": "2023-03-31",
        "pretaxIncome": 391,
        "provisionforIncomeTaxes": 10,
        "revenue": 4691,
        "totalOperatingExpense": 2168,
        "totalOtherIncomeExpenseNet": 70
      },
      {
        "costOfGoodsSold": 1921,
        "depreciationAmortization": 786,
        "dilutedAverageSharesOutstanding": 516,
        "dilutedEPS": 0.75,
        "ebit": 684,
        "equityEarningsAffiliates": 30,
        "grossIncome": 2960,
        "interestExpense": 355.9,
        "interestIncomeExpense": -356,
        "minorityInterest": 1,
        "netIncome": 384,
        "netIncomeAfterTaxes": 354,
        "nonRecurringItems": -124,
        "operationsMaintenance": 1139,
        "otherOperatingExpensesTotal": 351,
        "otherRevenue": 128,
        "period": "2022-12-31",
        "pretaxIncome": 268,
        "provisionforIncomeTaxes": -85,
        "revenue": 4881,
        "totalOperatingExpense": 2276,
        "totalOtherIncomeExpenseNet": 64
      },
      {
        "costOfGoodsSold": 2112,
        "depreciationAmortization": 822,
        "dilutedAverageSharesOutstanding": 515,
        "dilutedEPS": 1.33,
        "ebit": 1112,
        "equityEarningsAffiliates": 10,
        "grossIncome": 3414,
        "interestExpense": 325.1,
        "interestIncomeExpense": -325,
        "minorityInterest": 0,
        "netIncome": 684,
        "netIncomeAfterTaxes": 673,
        "nonRecurringItems": -182,
        "operationsMaintenance": 1095,
        "otherOperatingExpensesTotal": 385,
        "otherRevenue": 93,
        "period": "2022-09-30",
        "pretaxIncome": 657,
        "provisionforIncomeTaxes": -16,
        "revenue": 5526,
        "totalOperatingExpense": 2302,
        "totalOtherIncomeExpenseNet": 52
      },
      {
        "costOfGoodsSold": 1564,
        "depreciationAmortization": 803,
        "dilutedAverageSharesOutstanding": 514,
        "dilutedEPS": 1.02,
        "ebit": 956,
        "equityEarningsAffiliates": -165,
        "grossIncome": 3076,
        "interestExpense": 299,
        "interestIncomeExpense": -299,
        "minorityInterest": 4,
        "netIncome": 525,
        "netIncomeAfterTaxes": 686,
        "nonRecurringItems": 48,
        "operationsMaintenance": 946,
        "otherOperatingExpensesTotal": 370,
        "otherRevenue": 94,
        "period": "2022-06-30",
        "pretaxIncome": 740,
        "provisionforIncomeTaxes": 54,
        "revenue": 4640,
        "totalOperatingExpense": 2119,
        "totalOtherIncomeExpenseNet": 34
      },
      {
        "costOfGoodsSold": 1501,
        "depreciationAmortization": 792,
        "dilutedAverageSharesOutstanding": 508,
        "dilutedEPS": 1.41,
        "ebit": 988,
        "equityEarningsAffiliates": 16,
        "grossIncome": 3092,
        "interestExpense": 282.4,
        "interestIncomeExpense": -282,
        "minorityInterest": -3,
        "netIncome": 715,
        "netIncomeAfterTaxes": 702,
        "operationsMaintenance": 947,
        "otherOperatingExpensesTotal": 364,
        "otherRevenue": 94,
        "period": "2022-03-31",
        "pretaxIncome": 755,
        "provisionforIncomeTaxes": 53,
        "revenue": 4593,
        "totalOperatingExpense": 2104,
        "totalOtherIncomeExpenseNet": 50
      },
      {
        "costOfGoodsSold": 1340,
        "depreciationAmortization": 722,
        "dilutedAverageSharesOutstanding": 505,
        "dilutedEPS": 1.07,
        "ebit": 696,
        "equityEarningsAffiliates": 16,
        "grossIncome": 2721,
        "interestExpense": 267.8,
        "interestIncomeExpense": -268,
        "minorityInterest": 0,
        "netIncome": 539,
        "netIncomeAfterTaxes": 523,
        "nonRecurringItems": -12,
        "operationsMaintenance": 958,
        "otherOperatingExpensesTotal": 346,
        "otherRevenue": 91,
        "period": "2021-12-31",
        "pretaxIncome": 453,
        "provisionforIncomeTaxes": -70,
        "revenue": 4061,
        "totalOperatingExpense": 2026,
        "totalOtherIncomeExpenseNet": 37
      },
      {
        "costOfGoodsSold": 1441,
        "depreciationAmortization": 700,
        "dilutedAverageSharesOutstanding": 503,
        "dilutedEPS": 1.58,
        "ebit": 1107,
        "equityEarningsAffiliates": 17,
        "grossIncome": 3182,
        "interestExpense": 266.7,
        "interestIncomeExpense": -267,
        "minorityInterest": -1,
        "netIncome": 796,
        "netIncomeAfterTaxes": 780,
        "operationsMaintenance": 1013,
        "otherOperatingExpensesTotal": 361,
        "otherRevenue": 94,
        "period": "2021-09-30",
        "pretaxIncome": 850,
        "provisionforIncomeTaxes": 70,
        "revenue": 4623,
        "totalOperatingExpense": 2075,
        "totalOtherIncomeExpenseNet": 9
      },
      {
        "costOfGoodsSold": 1124,
        "depreciationAmortization": 707,
        "dilutedAverageSharesOutstanding": 501,
        "dilutedEPS": 1.15,
        "ebit": 810,
        "equityEarningsAffiliates": 30,
        "grossIncome": 2703,
        "interestExpense": 268.1,
        "interestIncomeExpense": -268,
        "minorityInterest": 4,
        "netIncome": 578,
        "netIncomeAfterTaxes": 543,
        "operationsMaintenance": 831,
        "otherOperatingExpensesTotal": 354,
        "otherRevenue": 90,
        "period": "2021-06-30",
        "pretaxIncome": 605,
        "provisionforIncomeTaxes": 61,
        "revenue": 3827,
        "totalOperatingExpense": 1893,
        "totalOtherIncomeExpenseNet": 63
      },
      {
        "costOfGoodsSold": 1561,
        "depreciationAmortization": 696,
        "dilutedAverageSharesOutstanding": 498,
        "dilutedEPS": 1.15,
        "ebit": 810,
        "equityEarningsAffiliates": 29,
        "grossIncome": 2720,
        "interestExpense": 256.8,
        "interestIncomeExpense": -257,
        "minorityInterest": -4,
        "netIncome": 575,
        "netIncomeAfterTaxes": 550,
        "operationsMaintenance": 867,
        "otherOperatingExpensesTotal": 347,
        "otherRevenue": 93,
        "period": "2021-03-31",
        "pretaxIncome": 605,
        "provisionforIncomeTaxes": 55,
        "revenue": 4281,
        "totalOperatingExpense": 1910,
        "totalOtherIncomeExpenseNet": 51
      },
      {
        "costOfGoodsSold": 789,
        "depreciationAmortization": 687,
        "dilutedAverageSharesOutstanding": 498,
        "dilutedEPS": 0.87,
        "ebit": 570,
        "equityEarningsAffiliates": 28,
        "grossIncome": 2822,
        "interestExpense": 251.9,
        "interestIncomeExpense": -252,
        "minorityInterest": 1,
        "netIncome": 436,
        "netIncomeAfterTaxes": 359,
        "nonRecurringItems": 0,
        "operationsMaintenance": 981,
        "otherOperatingExpensesTotal": 319,
        "otherRevenue": 85,
        "period": "2020-12-31",
        "pretaxIncome": 390,
        "provisionforIncomeTaxes": 31,
        "purchasedFuelPowerGas": 264,
        "revenue": 3611,
        "totalOperatingExpense": 2251,
        "totalOtherIncomeExpenseNet": 71
      },
      {
        "costOfGoodsSold": 741,
        "depreciationAmortization": 645,
        "dilutedAverageSharesOutstanding": 497,
        "dilutedEPS": 1.5,
        "ebit": 943,
        "equityEarningsAffiliates": 15,
        "grossIncome": 3325,
        "interestExpense": 246.1,
        "interestIncomeExpense": -246,
        "minorityInterest": 0,
        "netIncome": 749,
        "netIncomeAfterTaxes": 734,
        "operationsMaintenance": 941,
        "otherOperatingExpensesTotal": 338,
        "otherRevenue": 77,
        "period": "2020-09-30",
        "pretaxIncome": 732,
        "provisionforIncomeTaxes": -1,
        "purchasedFuelPowerGas": 459,
        "revenue": 4066,
        "totalOperatingExpense": 2382,
        "totalOtherIncomeExpenseNet": 35
      },
      {
        "costOfGoodsSold": 605,
        "depreciationAmortization": 680,
        "dilutedAverageSharesOutstanding": 497,
        "dilutedEPS": 1.05,
        "ebit": 723,
        "equityEarningsAffiliates": 19,
        "grossIncome": 2889,
        "interestExpense": 258.9,
        "interestIncomeExpense": -259,
        "minorityInterest": 6,
        "netIncome": 521,
        "netIncomeAfterTaxes": 495,
        "operationsMaintenance": 809,
        "otherOperatingExpensesTotal": 318,
        "otherRevenue": 72,
        "period": "2020-06-30",
        "pretaxIncome": 508,
        "provisionforIncomeTaxes": 13,
        "purchasedFuelPowerGas": 360,
        "revenue": 3494,
        "totalOperatingExpense": 2166,
        "totalOtherIncomeExpenseNet": 44
      },
      {
        "costOfGoodsSold": 796,
        "depreciationAmortization": 672,
        "dilutedAverageSharesOutstanding": 495,
        "dilutedEPS": 1,
        "ebit": 752,
        "equityEarningsAffiliates": 30,
        "grossIncome": 2952,
        "interestExpense": 260.7,
        "interestIncomeExpense": -261,
        "minorityInterest": -4,
        "netIncome": 495,
        "netIncomeAfterTaxes": 470,
        "operationsMaintenance": 852,
        "otherOperatingExpensesTotal": 321,
        "otherRevenue": 71,
        "period": "2020-03-31",
        "pretaxIncome": 516,
        "provisionforIncomeTaxes": 47,
        "purchasedFuelPowerGas": 355,
        "revenue": 3748,
        "totalOperatingExpense": 2200,
        "totalOtherIncomeExpenseNet": 25
      },
      {
        "costOfGoodsSold": 859,
        "depreciationAmortization": 641,
        "dilutedAverageSharesOutstanding": 494,
        "dilutedEPS": 0.31,
        "ebit": 451,
        "equityEarningsAffiliates": 21,
        "grossIncome": 2757,
        "interestExpense": 244.8,
        "interestIncomeExpense": -245,
        "minorityInterest": 1,
        "netIncome": 154,
        "netIncomeAfterTaxes": 132,
        "nonRecurringItems": -156,
        "operationsMaintenance": 1085,
        "otherOperatingExpensesTotal": 302,
        "otherRevenue": 70,
        "period": "2019-12-31",
        "pretaxIncome": 88,
        "provisionforIncomeTaxes": -44,
        "purchasedFuelPowerGas": 278,
        "revenue": 3616,
        "totalOperatingExpense": 2306,
        "totalOtherIncomeExpenseNet": 38
      },
      {
        "costOfGoodsSold": 784,
        "depreciationAmortization": 645,
        "dilutedAverageSharesOutstanding": 495,
        "dilutedEPS": 1.48,
        "ebit": 958,
        "equityEarningsAffiliates": 15,
        "grossIncome": 3531,
        "interestExpense": 232.1,
        "interestIncomeExpense": -232,
        "minorityInterest": 0,
        "netIncome": 734,
        "netIncomeAfterTaxes": 719,
        "operationsMaintenance": 976,
        "otherOperatingExpensesTotal": 321,
        "otherRevenue": 68,
        "period": "2019-09-30",
        "pretaxIncome": 759,
        "provisionforIncomeTaxes": 41,
        "purchasedFuelPowerGas": 631,
        "revenue": 4315,
        "totalOperatingExpense": 2573,
        "totalOtherIncomeExpenseNet": 33
      },
      {
        "costOfGoodsSold": 661,
        "depreciationAmortization": 623,
        "dilutedAverageSharesOutstanding": 495,
        "dilutedEPS": 0.93,
        "ebit": 551,
        "equityEarningsAffiliates": 17,
        "grossIncome": 2913,
        "interestExpense": 200.3,
        "interestIncomeExpense": -200,
        "minorityInterest": 2,
        "netIncome": 461,
        "netIncomeAfterTaxes": 442,
        "operationsMaintenance": 956,
        "otherOperatingExpensesTotal": 302,
        "otherRevenue": 73,
        "period": "2019-06-30",
        "pretaxIncome": 387,
        "provisionforIncomeTaxes": -54,
        "purchasedFuelPowerGas": 481,
        "revenue": 3574,
        "totalOperatingExpense": 2362,
        "totalOtherIncomeExpenseNet": 37
      },
      {
        "costOfGoodsSold": 862,
        "depreciationAmortization": 606,
        "dilutedAverageSharesOutstanding": 494,
        "dilutedEPS": 1.16,
        "ebit": 788,
        "equityEarningsAffiliates": 19,
        "grossIncome": 3195,
        "interestExpense": 226.9,
        "interestIncomeExpense": -227,
        "minorityInterest": -1,
        "netIncome": 573,
        "netIncomeAfterTaxes": 556,
        "operationsMaintenance": 941,
        "otherOperatingExpensesTotal": 310,
        "otherRevenue": 65,
        "period": "2019-03-31",
        "pretaxIncome": 600,
        "provisionforIncomeTaxes": 45,
        "purchasedFuelPowerGas": 550,
        "revenue": 4057,
        "totalOperatingExpense": 2406,
        "totalOtherIncomeExpenseNet": 39
      },
      {
        "costOfGoodsSold": 875,
        "depreciationAmortization": 591,
        "dilutedAverageSharesOutstanding": 494,
        "dilutedEPS": 0.73,
        "ebit": 622,
        "equityEarningsAffiliates": 18,
        "grossIncome": 2926,
        "interestExpense": 211.2,
        "interestIncomeExpense": -211,
        "minorityInterest": -1,
        "netIncome": 363,
        "netIncomeAfterTaxes": 336,
        "nonRecurringItems": -71,
        "operationsMaintenance": 983,
        "otherOperatingExpensesTotal": 280,
        "otherRevenue": 56,
        "period": "2018-12-31",
        "pretaxIncome": 369,
        "provisionforIncomeTaxes": 33,
        "purchasedFuelPowerGas": 450,
        "revenue": 3801,
        "totalOperatingExpense": 2304,
        "totalOtherIncomeExpenseNet": 29
      },
      {
        "costOfGoodsSold": 785,
        "depreciationAmortization": 603,
        "dilutedAverageSharesOutstanding": 494,
        "dilutedEPS": 1.17,
        "ebit": 669,
        "equityEarningsAffiliates": 18,
        "grossIncome": 3548,
        "interestExpense": 225.9,
        "interestIncomeExpense": -221,
        "minorityInterest": -2,
        "netIncome": 578,
        "netIncomeAfterTaxes": 562,
        "nonRecurringItems": 0,
        "operationsMaintenance": 1143,
        "otherOperatingExpensesTotal": 294,
        "otherRevenue": 56,
        "period": "2018-09-30",
        "pretaxIncome": 481,
        "provisionforIncomeTaxes": -81,
        "purchasedFuelPowerGas": 840,
        "revenue": 4333,
        "totalOperatingExpense": 2880,
        "totalOtherIncomeExpenseNet": 33
      },
      {
        "costOfGoodsSold": 777,
        "depreciationAmortization": 553,
        "dilutedAverageSharesOutstanding": 494,
        "dilutedEPS": 1.07,
        "ebit": 757,
        "equityEarningsAffiliates": 19,
        "grossIncome": 3236,
        "interestExpense": 211.5,
        "interestIncomeExpense": -208,
        "minorityInterest": -2,
        "netIncome": 528,
        "netIncomeAfterTaxes": 511,
        "nonRecurringItems": 0,
        "operationsMaintenance": 1076,
        "otherOperatingExpensesTotal": 283,
        "otherRevenue": 109,
        "period": "2018-06-30",
        "pretaxIncome": 584,
        "provisionforIncomeTaxes": 72,
        "purchasedFuelPowerGas": 567,
        "revenue": 4013,
        "totalOperatingExpense": 2479,
        "totalOtherIncomeExpenseNet": 34
      },
      {
        "costOfGoodsSold": 990,
        "depreciationAmortization": 540,
        "dilutedAverageSharesOutstanding": 493,
        "dilutedEPS": 0.92,
        "ebit": 706,
        "equityEarningsAffiliates": 19,
        "grossIncome": 3058,
        "interestExpense": 203.3,
        "interestIncomeExpense": -201,
        "minorityInterest": -2,
        "netIncome": 454,
        "netIncomeAfterTaxes": 438,
        "nonRecurringItems": 0,
        "operationsMaintenance": 1025,
        "otherOperatingExpensesTotal": 286,
        "otherRevenue": 48,
        "period": "2018-03-31",
        "pretaxIncome": 540,
        "provisionforIncomeTaxes": 102,
        "purchasedFuelPowerGas": 502,
        "revenue": 4048,
        "totalOperatingExpense": 2352,
        "totalOtherIncomeExpenseNet": 35
      },
      {
        "costOfGoodsSold": 808,
        "depreciationAmortization": 511,
        "dilutedAverageSharesOutstanding": 493,
        "dilutedEPS": 0.81,
        "ebit": 818,
        "equityEarningsAffiliates": 19,
        "grossIncome": 3002,
        "interestExpense": 195.5,
        "interestIncomeExpense": -192,
        "minorityInterest": -1,
        "netIncome": 401,
        "netIncomeAfterTaxes": 356,
        "nonRecurringItems": -87,
        "operationsMaintenance": 924,
        "otherOperatingExpensesTotal": 267,
        "otherRevenue": 64,
        "period": "2017-12-31",
        "pretaxIncome": 554,
        "provisionforIncomeTaxes": 199,
        "purchasedFuelPowerGas": 481,
        "revenue": 3810,
        "totalOperatingExpense": 2185,
        "totalOtherIncomeExpenseNet": 16
      },
      {
        "costOfGoodsSold": 718,
        "depreciationAmortization": 519,
        "dilutedAverageSharesOutstanding": 493,
        "dilutedEPS": 1.1,
        "ebit": 975,
        "equityEarningsAffiliates": 20,
        "grossIncome": 3387,
        "interestExpense": 203.3,
        "interestIncomeExpense": -189,
        "minorityInterest": -12,
        "netIncome": 545,
        "netIncomeAfterTaxes": 537,
        "nonRecurringItems": 0,
        "operationsMaintenance": 913,
        "otherOperatingExpensesTotal": 273,
        "otherRevenue": 60,
        "period": "2017-09-30",
        "pretaxIncome": 801,
        "provisionforIncomeTaxes": 264,
        "purchasedFuelPowerGas": 707,
        "revenue": 4105,
        "totalOperatingExpense": 2412,
        "totalOtherIncomeExpenseNet": 14
      },
      {
        "costOfGoodsSold": 669,
        "depreciationAmortization": 486,
        "dilutedAverageSharesOutstanding": 493,
        "dilutedEPS": 0.76,
        "ebit": 733,
        "equityEarningsAffiliates": 16,
        "grossIncome": 2908,
        "interestExpense": 201.9,
        "interestIncomeExpense": -200,
        "minorityInterest": -1,
        "netIncome": 375,
        "netIncomeAfterTaxes": 360,
        "nonRecurringItems": 0,
        "operationsMaintenance": 907,
        "otherOperatingExpensesTotal": 260,
        "otherRevenue": 68,
        "period": "2017-06-30",
        "pretaxIncome": 551,
        "provisionforIncomeTaxes": 191,
        "purchasedFuelPowerGas": 522,
        "revenue": 3577,
        "totalOperatingExpense": 2174,
        "totalOtherIncomeExpenseNet": 17
      },
      {
        "costOfGoodsSold": 770,
        "depreciationAmortization": 482,
        "dilutedAverageSharesOutstanding": 492,
        "dilutedEPS": 1.2,
        "ebit": 882,
        "equityEarningsAffiliates": 27,
        "grossIncome": 3163,
        "interestExpense": 200.6,
        "interestIncomeExpense": -193,
        "minorityInterest": -2,
        "netIncome": 592,
        "netIncomeAfterTaxes": 567,
        "nonRecurringItems": 215,
        "operationsMaintenance": 905,
        "otherOperatingExpensesTotal": 260,
        "otherRevenue": 38,
        "period": "2017-03-31",
        "pretaxIncome": 910,
        "provisionforIncomeTaxes": 343,
        "purchasedFuelPowerGas": 636,
        "revenue": 3933,
        "totalOperatingExpense": 2281,
        "totalOtherIncomeExpenseNet": 6
      },
      {
        "costOfGoodsSold": 687,
        "depreciationAmortization": 412,
        "dilutedAverageSharesOutstanding": 492,
        "dilutedEPS": 0.76,
        "ebit": 536,
        "equityEarningsAffiliates": 28,
        "grossIncome": 3103,
        "interestExpense": 182.9,
        "interestIncomeExpense": -173,
        "minorityInterest": -2,
        "netIncome": 373,
        "netIncomeAfterTaxes": 347,
        "nonRecurringItems": -3,
        "operationsMaintenance": 1233,
        "otherOperatingExpensesTotal": 250,
        "otherRevenue": 47,
        "period": "2016-12-31",
        "pretaxIncome": 407,
        "provisionforIncomeTaxes": 60,
        "purchasedFuelPowerGas": 673,
        "revenue": 3790,
        "totalOperatingExpense": 2567,
        "totalOtherIncomeExpenseNet": 48
      },
      {
        "costOfGoodsSold": 774,
        "depreciationAmortization": 539,
        "dilutedAverageSharesOutstanding": 492,
        "dilutedEPS": -1.56,
        "ebit": 1137,
        "equityEarningsAffiliates": 25,
        "grossIncome": 3878,
        "interestExpense": 199.7,
        "interestIncomeExpense": -198,
        "minorityInterest": -2,
        "netIncome": -766,
        "netIncomeAfterTaxes": -789,
        "nonRecurringItems": -2265,
        "operationsMaintenance": 1057,
        "otherOperatingExpensesTotal": 264,
        "otherRevenue": 45,
        "period": "2016-09-30",
        "pretaxIncome": -1324,
        "provisionforIncomeTaxes": -535,
        "purchasedFuelPowerGas": 880,
        "revenue": 4652,
        "totalOperatingExpense": 2741,
        "totalOtherIncomeExpenseNet": 2
      },
      {
        "costOfGoodsSold": 629,
        "depreciationAmortization": 514,
        "dilutedAverageSharesOutstanding": 492,
        "dilutedEPS": 1.03,
        "ebit": 866,
        "equityEarningsAffiliates": -7,
        "grossIncome": 3264,
        "interestExpense": 196.1,
        "interestIncomeExpense": -194,
        "minorityInterest": -2,
        "netIncome": 502,
        "netIncomeAfterTaxes": 514,
        "operationsMaintenance": 954,
        "otherOperatingExpensesTotal": 249,
        "otherRevenue": 53,
        "period": "2016-06-30",
        "pretaxIncome": 679,
        "provisionforIncomeTaxes": 165,
        "purchasedFuelPowerGas": 680,
        "revenue": 3893,
        "totalOperatingExpense": 2398,
        "totalOtherIncomeExpenseNet": 6
      },
      {
        "costOfGoodsSold": 731,
        "depreciationAmortization": 497,
        "dilutedAverageSharesOutstanding": 491,
        "dilutedEPS": 1.02,
        "ebit": 893,
        "equityEarningsAffiliates": 25,
        "grossIncome": 3314,
        "interestExpense": 185.3,
        "interestIncomeExpense": -183,
        "minorityInterest": -2,
        "netIncome": 501,
        "netIncomeAfterTaxes": 478,
        "operationsMaintenance": 994,
        "otherOperatingExpensesTotal": 254,
        "otherRevenue": 36,
        "period": "2016-03-31",
        "pretaxIncome": 714,
        "provisionforIncomeTaxes": 236,
        "purchasedFuelPowerGas": 676,
        "revenue": 4045,
        "totalOperatingExpense": 2421,
        "totalOtherIncomeExpenseNet": 4
      },
      {
        "costOfGoodsSold": 710,
        "depreciationAmortization": 482,
        "dilutedAverageSharesOutstanding": 491,
        "dilutedEPS": 0.95,
        "ebit": 466,
        "equityEarningsAffiliates": 4,
        "grossIncome": 2904,
        "interestExpense": 180,
        "interestIncomeExpense": -178,
        "minorityInterest": -1,
        "netIncome": 469,
        "netIncomeAfterTaxes": 200,
        "nonRecurringItems": 0,
        "operationsMaintenance": 1151,
        "otherOperatingExpensesTotal": 240,
        "otherRevenue": 35,
        "period": "2015-12-31",
        "pretaxIncome": 293,
        "provisionforIncomeTaxes": 93,
        "purchasedFuelPowerGas": 566,
        "revenue": 3614,
        "totalOperatingExpense": 2439,
        "totalOtherIncomeExpenseNet": 6
      },
      {
        "costOfGoodsSold": 731,
        "depreciationAmortization": 535,
        "dilutedAverageSharesOutstanding": 491,
        "dilutedEPS": 1.04,
        "ebit": 960,
        "equityEarningsAffiliates": 12,
        "grossIncome": 3701,
        "interestExpense": 188,
        "interestIncomeExpense": -186,
        "minorityInterest": -1,
        "netIncome": 519,
        "netIncomeAfterTaxes": 500,
        "operationsMaintenance": 1003,
        "otherOperatingExpensesTotal": 248,
        "otherRevenue": 30,
        "period": "2015-09-30",
        "pretaxIncome": 775,
        "provisionforIncomeTaxes": 275,
        "purchasedFuelPowerGas": 955,
        "revenue": 4432,
        "totalOperatingExpense": 2741,
        "totalOtherIncomeExpenseNet": 1
      }
    ],
    "symbol": "AEP"
  }
}