{
  "symbol": "EQT",
  "statement": "ic",
  "frequency": "annual",
  "timestamp": "2025-09-19T13:59:52.252203",
  "data": {
    "financials": [
      {
        "costOfGoodsSold": 2292.623,
        "depreciationAmortization": 2162.35,
        "dilutedAverageSharesOutstanding": 514.593,
        "dilutedEPS": 0.4482,
        "ebit": 344.31,
        "grossIncome": 2980.686,
        "interestExpense": 454.825,
        "interestIncomeExpense": -352.803,
        "minorityInterest": -11.538,
        "netIncome": 230.577,
        "netIncomeAfterTaxes": 242.115,
        "nonRecurringItems": 272.687,
        "operationsMaintenance": 110.393,
        "otherOperatingExpensesTotal": 24.174,
        "otherRevenue": 51.117,
        "period": "2024-12-31",
        "pretaxIncome": 264.194,
        "provisionforIncomeTaxes": 22.079,
        "researchDevelopment": 2.735,
        "revenue": 5273.309,
        "sgaExpense": 336.724,
        "totalOperatingExpense": 2636.376,
        "year": 2024
      },
      {
        "costOfGoodsSold": 2411.96,
        "depreciationAmortization": 1732.142,
        "dilutedAverageSharesOutstanding": 413.224,
        "dilutedEPS": 4.2175,
        "ebit": 2519.126,
        "grossIncome": 4496.963,
        "interestExpense": 219.66,
        "interestIncomeExpense": -210.833,
        "minorityInterest": 0.688,
        "netIncome": 1735.232,
        "netIncomeAfterTaxes": 1734.544,
        "nonRecurringItems": -204.795,
        "otherOperatingExpensesTotal": 6.194,
        "otherRevenue": 1838.941,
        "period": "2023-12-31",
        "pretaxIncome": 2103.498,
        "provisionforIncomeTaxes": 368.954,
        "researchDevelopment": 3.33,
        "revenue": 6908.923,
        "sgaExpense": 236.171,
        "totalOperatingExpense": 1977.837,
        "year": 2023
      },
      {
        "costOfGoodsSold": 2417.961,
        "depreciationAmortization": 1665.962,
        "dilutedAverageSharesOutstanding": 406.495,
        "dilutedEPS": 4.3567,
        "ebit": 3157.683,
        "grossIncome": 5079.728,
        "interestExpense": 249.655,
        "interestIncomeExpense": -243.306,
        "minorityInterest": -9.977,
        "netIncome": 1770.965,
        "netIncomeAfterTaxes": 1780.942,
        "nonRecurringItems": -579.715,
        "otherOperatingExpensesTotal": 0,
        "otherRevenue": -4642.932,
        "period": "2022-12-31",
        "pretaxIncome": 2334.662,
        "provisionforIncomeTaxes": 553.72,
        "researchDevelopment": 3.438,
        "revenue": 7497.689,
        "sgaExpense": 252.645,
        "totalOperatingExpense": 1922.045,
        "year": 2022
      },
      {
        "costOfGoodsSold": 2167.444,
        "depreciationAmortization": 1676.702,
        "dilutedAverageSharesOutstanding": 323.196,
        "dilutedEPS": -3.5358,
        "ebit": -1000.201,
        "grossIncome": 897.219,
        "interestExpense": 289.753,
        "interestIncomeExpense": -198.807,
        "minorityInterest": -1.246,
        "netIncome": -1142.747,
        "netIncomeAfterTaxes": -1141.501,
        "nonRecurringItems": -370.53,
        "otherRevenue": -3775.042,
        "period": "2021-12-31",
        "pretaxIncome": -1569.538,
        "provisionforIncomeTaxes": -428.037,
        "researchDevelopment": 24.403,
        "revenue": 3064.663,
        "sgaExpense": 196.315,
        "totalOperatingExpense": 1897.42,
        "year": 2021
      },
      {
        "costOfGoodsSold": 1866.1,
        "depreciationAmortization": 1419.5,
        "dilutedAverageSharesOutstanding": 260.6,
        "dilutedEPS": -3.71,
        "ebit": -407,
        "grossIncome": 1192.7,
        "interestExpense": 259.268,
        "interestIncomeExpense": -362.9,
        "minorityInterest": 0,
        "netIncome": -967.2,
        "netIncomeAfterTaxes": -967.2,
        "nonRecurringItems": -496.1,
        "otherRevenue": 400.2,
        "period": "2020-12-31",
        "pretaxIncome": -1266,
        "provisionforIncomeTaxes": -298.9,
        "researchDevelopment": 5.5,
        "revenue": 3058.8,
        "sgaExpense": 174.8,
        "totalOperatingExpense": 1599.7,
        "year": 2020
      },
      {
        "costOfGoodsSold": 1906.5,
        "depreciationAmortization": 1574.7,
        "dilutedAverageSharesOutstanding": 255.1,
        "dilutedEPS": -4.79,
        "ebit": 675.1,
        "grossIncome": 2510,
        "interestExpense": 199.851,
        "interestIncomeExpense": -445.4,
        "minorityInterest": 0,
        "netIncome": -1221.7,
        "netIncomeAfterTaxes": -1221.7,
        "nonRecurringItems": -1827.2,
        "otherRevenue": 616.6,
        "period": "2019-12-31",
        "pretaxIncome": -1597.5,
        "provisionforIncomeTaxes": -375.8,
        "researchDevelopment": 7.2,
        "revenue": 4416.5,
        "sgaExpense": 253,
        "totalOperatingExpense": 1834.9,
        "year": 2019
      },
      {
        "costOfGoodsSold": 1892.8,
        "depreciationAmortization": 1610.4,
        "dilutedAverageSharesOutstanding": 260.9,
        "dilutedEPS": -8.6,
        "ebit": 763.7,
        "grossIncome": 2665.1,
        "interestExpense": 228.958,
        "interestIncomeExpense": -229,
        "minorityInterest": -237.4,
        "netIncome": -2244.6,
        "netIncomeAfterTaxes": -2375.6,
        "nonRecurringItems": -3546.8,
        "otherRevenue": -178.6,
        "period": "2018-12-31",
        "pretaxIncome": -3077.4,
        "provisionforIncomeTaxes": -701.8,
        "researchDevelopment": 6.8,
        "revenue": 4557.9,
        "sgaExpense": 284.2,
        "totalOperatingExpense": 1901.4,
        "totalOtherIncomeExpenseNet": -65.3,
        "year": 2018
      },
      {
        "costOfGoodsSold": 1346.1,
        "depreciationAmortization": 976.4,
        "dilutedAverageSharesOutstanding": 187.4,
        "dilutedEPS": 8.04,
        "ebit": 542,
        "grossIncome": 1744.9,
        "interestExpense": 167.971,
        "interestIncomeExpense": -168,
        "minorityInterest": -349.6,
        "netIncome": 1508.5,
        "netIncomeAfterTaxes": 181.9,
        "nonRecurringItems": -172.4,
        "otherRevenue": 390,
        "period": "2017-12-31",
        "pretaxIncome": 198.6,
        "provisionforIncomeTaxes": 16.7,
        "researchDevelopment": 17.6,
        "revenue": 3091,
        "sgaExpense": 209,
        "totalOperatingExpense": 1202.9,
        "totalOtherIncomeExpenseNet": -3,
        "year": 2017
      },
      {
        "costOfGoodsSold": 1054.4,
        "depreciationAmortization": 856.5,
        "dilutedAverageSharesOutstanding": 167,
        "dilutedEPS": -2.71,
        "ebit": -747.3,
        "grossIncome": 332.7,
        "interestExpense": 131.159,
        "interestIncomeExpense": -131.2,
        "minorityInterest": -321.9,
        "netIncome": -453,
        "netIncomeAfterTaxes": -531.5,
        "nonRecurringItems": -7.7,
        "otherRevenue": -249,
        "period": "2016-12-31",
        "pretaxIncome": -894.3,
        "provisionforIncomeTaxes": -362.8,
        "researchDevelopment": 4.7,
        "revenue": 1387.1,
        "sgaExpense": 218.9,
        "totalOperatingExpense": 1080,
        "totalOtherIncomeExpenseNet": -8.1,
        "year": 2016
      },
      {
        "costOfGoodsSold": 399,
        "depreciationAmortization": 819.2,
        "dilutedAverageSharesOutstanding": 152.9,
        "dilutedEPS": 0.56,
        "ebit": 685.6,
        "grossIncome": 1940.8,
        "interestExpense": 146.531,
        "interestIncomeExpense": -143.9,
        "minorityInterest": -236.7,
        "netIncome": 85.2,
        "netIncomeAfterTaxes": 321.9,
        "nonRecurringItems": -122.5,
        "operationsMaintenance": 124,
        "otherRevenue": 385.8,
        "period": "2015-12-31",
        "pretaxIncome": 426.6,
        "provisionforIncomeTaxes": 104.7,
        "researchDevelopment": 62,
        "revenue": 2339.8,
        "sgaExpense": 249.9,
        "totalOperatingExpense": 1255.1,
        "totalOtherIncomeExpenseNet": 7.4,
        "year": 2015
      }
    ],
    "symbol": "EQT"
  }
}