{
  "symbol": "DGX",
  "statement": "ic",
  "frequency": "annual",
  "timestamp": "2025-09-19T14:05:59.961758",
  "data": {
    "financials": [
      {
        "costOfGoodsSold": 6599,
        "depreciationAmortization": 127,
        "dilutedAverageSharesOutstanding": 113,
        "dilutedEPS": 7.6637,
        "ebit": 1408,
        "equityEarningsAffiliates": 19,
        "grossIncome": 3273,
        "interestExpense": 226,
        "interestIncomeExpense": -183,
        "minorityInterest": -50,
        "netIncome": 866,
        "netIncomeAfterTaxes": 902,
        "nonRecurringItems": -62,
        "otherOperatingExpensesTotal": 7,
        "period": "2024-12-31",
        "pretaxIncome": 1175,
        "provisionforIncomeTaxes": 273,
        "revenue": 9872,
        "sgaExpense": 1731,
        "totalOperatingExpense": 1865,
        "totalOtherIncomeExpenseNet": 12,
        "year": 2024
      },
      {
        "costOfGoodsSold": 6186,
        "depreciationAmortization": 108,
        "dilutedAverageSharesOutstanding": 113,
        "dilutedEPS": 7.5221,
        "ebit": 1316,
        "equityEarningsAffiliates": 26,
        "grossIncome": 3066,
        "interestExpense": 163,
        "interestIncomeExpense": -132,
        "minorityInterest": -54,
        "netIncome": 850,
        "netIncomeAfterTaxes": 882,
        "nonRecurringItems": -54,
        "otherOperatingExpensesTotal": 12,
        "period": "2023-12-31",
        "pretaxIncome": 1130,
        "provisionforIncomeTaxes": 248,
        "revenue": 9252,
        "sgaExpense": 1630,
        "totalOperatingExpense": 1750,
        "totalOtherIncomeExpenseNet": 0,
        "year": 2023
      },
      {
        "costOfGoodsSold": 6418,
        "depreciationAmortization": 120,
        "dilutedAverageSharesOutstanding": 118,
        "dilutedEPS": 7.9831,
        "ebit": 1520,
        "equityEarningsAffiliates": 44,
        "grossIncome": 3465,
        "interestExpense": 148,
        "interestIncomeExpense": -193,
        "minorityInterest": -69,
        "netIncome": 942,
        "netIncomeAfterTaxes": 971,
        "nonRecurringItems": -92,
        "otherOperatingExpensesTotal": 7,
        "period": "2022-12-31",
        "pretaxIncome": 1235,
        "provisionforIncomeTaxes": 264,
        "revenue": 9883,
        "sgaExpense": 1818,
        "totalOperatingExpense": 1945,
        "year": 2022
      },
      {
        "costOfGoodsSold": 6510,
        "depreciationAmortization": 103,
        "dilutedAverageSharesOutstanding": 128,
        "dilutedEPS": 15.5313,
        "ebit": 2497,
        "equityEarningsAffiliates": 78,
        "grossIncome": 4278,
        "interestExpense": 152,
        "interestIncomeExpense": -151,
        "minorityInterest": -85,
        "netIncome": 1988,
        "netIncomeAfterTaxes": 2002,
        "nonRecurringItems": -116,
        "otherOperatingExpensesTotal": -2,
        "period": "2021-12-31",
        "pretaxIncome": 2599,
        "provisionforIncomeTaxes": 597,
        "revenue": 10788,
        "sgaExpense": 1680,
        "totalOperatingExpense": 1781,
        "totalOtherIncomeExpenseNet": 369,
        "year": 2021
      },
      {
        "costOfGoodsSold": 5834,
        "depreciationAmortization": 103,
        "dilutedAverageSharesOutstanding": 136,
        "dilutedEPS": 10.48,
        "ebit": 1991,
        "equityEarningsAffiliates": 75,
        "grossIncome": 3603,
        "interestExpense": 166,
        "interestIncomeExpense": -163,
        "minorityInterest": -68,
        "netIncome": 1425,
        "netIncomeAfterTaxes": 1424,
        "nonRecurringItems": -20,
        "period": "2020-12-31",
        "pretaxIncome": 1884,
        "provisionforIncomeTaxes": 460,
        "revenue": 9437,
        "sgaExpense": 1509,
        "totalOperatingExpense": 1612,
        "totalOtherIncomeExpenseNet": 76,
        "year": 2020
      },
      {
        "costOfGoodsSold": 5002,
        "depreciationAmortization": 96,
        "dilutedAverageSharesOutstanding": 136,
        "dilutedEPS": 6.28,
        "ebit": 1321,
        "equityEarningsAffiliates": 57,
        "grossIncome": 2724,
        "interestExpense": 180,
        "interestIncomeExpense": -175,
        "minorityInterest": -48,
        "netIncome": 855,
        "netIncomeAfterTaxes": 829,
        "nonRecurringItems": -90,
        "otherOperatingExpensesTotal": -96,
        "period": "2019-12-31",
        "pretaxIncome": 1076,
        "provisionforIncomeTaxes": 247,
        "revenue": 7726,
        "sgaExpense": 1403,
        "totalOperatingExpense": 1403,
        "totalOtherIncomeExpenseNet": 20,
        "year": 2019
      },
      {
        "costOfGoodsSold": 4870,
        "depreciationAmortization": 90,
        "dilutedAverageSharesOutstanding": 139,
        "dilutedEPS": 5.27,
        "ebit": 1227,
        "equityEarningsAffiliates": 44,
        "grossIncome": 2661,
        "interestExpense": 169,
        "interestIncomeExpense": -167,
        "minorityInterest": -52,
        "netIncome": 733,
        "netIncomeAfterTaxes": 730,
        "nonRecurringItems": -126,
        "otherOperatingExpensesTotal": -15,
        "period": "2018-12-31",
        "pretaxIncome": 926,
        "provisionforIncomeTaxes": 196,
        "revenue": 7531,
        "sgaExpense": 1359,
        "totalOperatingExpense": 1434,
        "totalOtherIncomeExpenseNet": -8,
        "year": 2018
      },
      {
        "costOfGoodsSold": 4674,
        "depreciationAmortization": 74,
        "dilutedAverageSharesOutstanding": 140,
        "dilutedEPS": 5.49,
        "ebit": 1270,
        "equityEarningsAffiliates": 35,
        "grossIncome": 2728,
        "interestExpense": 153,
        "interestIncomeExpense": -151,
        "minorityInterest": -52,
        "netIncome": 769,
        "netIncomeAfterTaxes": 683,
        "nonRecurringItems": -105,
        "otherOperatingExpensesTotal": 1,
        "period": "2017-12-31",
        "pretaxIncome": 1030,
        "provisionforIncomeTaxes": 347,
        "revenue": 7402,
        "sgaExpense": 1383,
        "totalOperatingExpense": 1458,
        "totalOtherIncomeExpenseNet": 16,
        "year": 2017
      },
      {
        "costOfGoodsSold": 4576,
        "depreciationAmortization": 72,
        "dilutedAverageSharesOutstanding": 142,
        "dilutedEPS": 4.52,
        "ebit": 1236,
        "equityEarningsAffiliates": 39,
        "grossIncome": 2939,
        "interestExpense": 144,
        "interestIncomeExpense": -143,
        "minorityInterest": -51,
        "netIncome": 642,
        "netIncomeAfterTaxes": 657,
        "nonRecurringItems": 41,
        "otherOperatingExpensesTotal": -13,
        "period": "2016-12-31",
        "pretaxIncome": 1086,
        "provisionforIncomeTaxes": 429,
        "revenue": 7515,
        "sgaExpense": 1644,
        "totalOperatingExpense": 1703,
        "totalOtherIncomeExpenseNet": -48,
        "year": 2016
      },
      {
        "costOfGoodsSold": 4625,
        "depreciationAmortization": 81,
        "dilutedAverageSharesOutstanding": 145,
        "dilutedEPS": 4.87,
        "ebit": 1104,
        "grossIncome": 2868,
        "interestExpense": 154,
        "interestIncomeExpense": -130,
        "minorityInterest": -44,
        "netIncome": 706,
        "netIncomeAfterTaxes": 753,
        "nonRecurringItems": 295,
        "otherOperatingExpensesTotal": 11,
        "period": "2015-12-31",
        "pretaxIncome": 1126,
        "provisionforIncomeTaxes": 373,
        "revenue": 7493,
        "sgaExpense": 1672,
        "totalOperatingExpense": 1764,
        "totalOtherIncomeExpenseNet": -143,
        "year": 2015
      }
    ],
    "symbol": "DGX"
  }
}