{
  "symbol": "AEE",
  "statement": "ic",
  "frequency": "annual",
  "timestamp": "2025-09-19T13:55:45.683390",
  "data": {
    "financials": [
      {
        "costOfGoodsSold": 320,
        "depreciationAmortization": 1590,
        "dilutedAverageSharesOutstanding": 267.4,
        "dilutedEPS": 4.4203,
        "ebit": 1516,
        "grossIncome": 7303,
        "interestExpense": 663,
        "interestIncomeExpense": -626,
        "minorityInterest": -5,
        "netIncome": 1182,
        "netIncomeAfterTaxes": 1187,
        "nonRecurringItems": 16,
        "operationsMaintenance": 1969,
        "otherOperatingExpensesTotal": 547,
        "period": "2024-12-31",
        "pretaxIncome": 1270,
        "provisionforIncomeTaxes": 83,
        "purchasedFuelPowerGas": 1681,
        "revenue": 7623,
        "totalOperatingExpense": 5787,
        "totalOtherIncomeExpenseNet": 364,
        "year": 2024
      },
      {
        "costOfGoodsSold": 1653,
        "depreciationAmortization": 1387,
        "dilutedAverageSharesOutstanding": 263.4,
        "dilutedEPS": 4.3736,
        "ebit": 1558,
        "grossIncome": 5847,
        "interestExpense": 566,
        "interestIncomeExpense": -532,
        "minorityInterest": -5,
        "netIncome": 1152,
        "netIncomeAfterTaxes": 1157,
        "operationsMaintenance": 1866,
        "otherOperatingExpensesTotal": 522,
        "period": "2023-12-31",
        "pretaxIncome": 1340,
        "provisionforIncomeTaxes": 183,
        "purchasedFuelPowerGas": 514,
        "revenue": 7500,
        "totalOperatingExpense": 4289,
        "totalOtherIncomeExpenseNet": 314,
        "year": 2023
      },
      {
        "costOfGoodsSold": 2204,
        "depreciationAmortization": 1289,
        "dilutedAverageSharesOutstanding": 259.5,
        "dilutedEPS": 4.14,
        "ebit": 1515,
        "grossIncome": 5753,
        "interestExpense": 486,
        "interestIncomeExpense": -449,
        "minorityInterest": -5,
        "netIncome": 1074,
        "netIncomeAfterTaxes": 1079,
        "operationsMaintenance": 1937,
        "otherOperatingExpensesTotal": 539,
        "period": "2022-12-31",
        "pretaxIncome": 1255,
        "provisionforIncomeTaxes": 176,
        "purchasedFuelPowerGas": 473,
        "revenue": 7957,
        "totalOperatingExpense": 4238,
        "totalOtherIncomeExpenseNet": 189,
        "year": 2022
      },
      {
        "costOfGoodsSold": 1048,
        "depreciationAmortization": 1146,
        "dilutedAverageSharesOutstanding": 257.6,
        "dilutedEPS": 3.84,
        "ebit": 1333,
        "grossIncome": 5346,
        "interestExpense": 383,
        "interestIncomeExpense": -356,
        "minorityInterest": -5,
        "netIncome": 990,
        "netIncomeAfterTaxes": 995,
        "operationsMaintenance": 1774,
        "otherOperatingExpensesTotal": 512,
        "period": "2021-12-31",
        "pretaxIncome": 1152,
        "provisionforIncomeTaxes": 157,
        "purchasedFuelPowerGas": 581,
        "revenue": 6394,
        "totalOperatingExpense": 4013,
        "totalOtherIncomeExpenseNet": 175,
        "year": 2021
      },
      {
        "costOfGoodsSold": 785,
        "depreciationAmortization": 1075,
        "dilutedAverageSharesOutstanding": 248.7,
        "dilutedEPS": 3.5,
        "ebit": 1300,
        "grossIncome": 5009,
        "interestExpense": 419,
        "interestIncomeExpense": -390,
        "minorityInterest": -6,
        "netIncome": 871,
        "netIncomeAfterTaxes": 877,
        "operationsMaintenance": 1661,
        "otherOperatingExpensesTotal": 483,
        "period": "2020-12-31",
        "pretaxIncome": 1032,
        "provisionforIncomeTaxes": 155,
        "purchasedFuelPowerGas": 490,
        "revenue": 5794,
        "totalOperatingExpense": 3709,
        "totalOtherIncomeExpenseNet": 122,
        "year": 2020
      },
      {
        "costOfGoodsSold": 887,
        "depreciationAmortization": 995,
        "dilutedAverageSharesOutstanding": 247.1,
        "dilutedEPS": 3.35,
        "ebit": 1267,
        "grossIncome": 5023,
        "interestExpense": 381,
        "interestIncomeExpense": -348,
        "minorityInterest": -6,
        "netIncome": 828,
        "netIncomeAfterTaxes": 834,
        "operationsMaintenance": 1745,
        "otherOperatingExpensesTotal": 481,
        "period": "2019-12-31",
        "pretaxIncome": 1016,
        "provisionforIncomeTaxes": 182,
        "purchasedFuelPowerGas": 535,
        "revenue": 5910,
        "totalOperatingExpense": 3756,
        "totalOtherIncomeExpenseNet": 97,
        "year": 2019
      },
      {
        "costOfGoodsSold": 955,
        "depreciationAmortization": 955,
        "dilutedAverageSharesOutstanding": 245.8,
        "dilutedEPS": 3.32,
        "ebit": 1357,
        "grossIncome": 5336,
        "interestExpense": 401,
        "interestIncomeExpense": -368,
        "minorityInterest": -6,
        "netIncome": 815,
        "netIncomeAfterTaxes": 821,
        "operationsMaintenance": 1772,
        "otherOperatingExpensesTotal": 483,
        "period": "2018-12-31",
        "pretaxIncome": 1058,
        "provisionforIncomeTaxes": 237,
        "purchasedFuelPowerGas": 769,
        "revenue": 6291,
        "totalOperatingExpense": 3979,
        "totalOtherIncomeExpenseNet": 69,
        "year": 2018
      },
      {
        "costOfGoodsSold": 949,
        "depreciationAmortization": 896,
        "dilutedAverageSharesOutstanding": 244.2,
        "dilutedEPS": 2.14,
        "ebit": 1410,
        "grossIncome": 5225,
        "interestExpense": 391,
        "interestIncomeExpense": -357,
        "minorityInterest": -6,
        "netIncome": 523,
        "netIncomeAfterTaxes": 683,
        "operationsMaintenance": 1705,
        "otherOperatingExpensesTotal": 477,
        "period": "2017-12-31",
        "pretaxIncome": 1105,
        "provisionforIncomeTaxes": 422,
        "purchasedFuelPowerGas": 737,
        "revenue": 6174,
        "totalOperatingExpense": 3815,
        "totalOtherIncomeExpenseNet": 52,
        "year": 2017
      },
      {
        "costOfGoodsSold": 964,
        "depreciationAmortization": 845,
        "dilutedAverageSharesOutstanding": 243.4,
        "dilutedEPS": 2.68,
        "ebit": 1322,
        "grossIncome": 5112,
        "interestExpense": 382,
        "interestIncomeExpense": -342,
        "minorityInterest": -6,
        "netIncome": 653,
        "netIncomeAfterTaxes": 659,
        "operationsMaintenance": 1733,
        "otherOperatingExpensesTotal": 467,
        "period": "2016-12-31",
        "pretaxIncome": 1041,
        "provisionforIncomeTaxes": 382,
        "purchasedFuelPowerGas": 745,
        "revenue": 6076,
        "totalOperatingExpense": 3790,
        "totalOtherIncomeExpenseNet": 61,
        "year": 2016
      },
      {
        "costOfGoodsSold": 929,
        "depreciationAmortization": 796,
        "dilutedAverageSharesOutstanding": 243.6,
        "dilutedEPS": 2.58,
        "ebit": 1259,
        "grossIncome": 5169,
        "interestExpense": 355,
        "interestIncomeExpense": -314,
        "minorityInterest": -6,
        "netIncome": 630,
        "netIncomeAfterTaxes": 585,
        "operationsMaintenance": 1694,
        "otherOperatingExpensesTotal": 542,
        "period": "2015-12-31",
        "pretaxIncome": 948,
        "provisionforIncomeTaxes": 363,
        "purchasedFuelPowerGas": 878,
        "revenue": 6098,
        "totalOperatingExpense": 3910,
        "totalOtherIncomeExpenseNet": 3,
        "year": 2015
      }
    ],
    "symbol": "AEE"
  }
}