{
  "symbol": "OKE",
  "statement": "ic",
  "frequency": "annual",
  "timestamp": "2025-09-19T14:05:06.059086",
  "data": {
    "financials": [
      {
        "costOfGoodsSold": 13311,
        "depreciationAmortization": 1134,
        "dilutedAverageSharesOutstanding": 586.5,
        "dilutedEPS": 5.1731,
        "ebit": 5062,
        "grossIncome": 8387,
        "interestExpense": 1371,
        "interestIncomeExpense": -932,
        "minorityInterest": -77,
        "netIncome": 3034,
        "netIncomeAfterTaxes": 3112,
        "nonRecurringItems": -73,
        "operationsMaintenance": 2162,
        "otherOperatingExpensesTotal": 29,
        "otherRevenue": 21698,
        "period": "2024-12-31",
        "pretaxIncome": 4110,
        "provisionforIncomeTaxes": 998,
        "revenue": 21698,
        "totalOperatingExpense": 3325,
        "totalOtherIncomeExpenseNet": 53,
        "year": 2024
      },
      {
        "costOfGoodsSold": 11929,
        "depreciationAmortization": 769,
        "dilutedAverageSharesOutstanding": 485.4,
        "dilutedEPS": 5.4759,
        "ebit": 4230,
        "grossIncome": 5748,
        "interestExpense": 866,
        "interestIncomeExpense": -664,
        "netIncome": 2658,
        "netIncomeAfterTaxes": 2659,
        "nonRecurringItems": -158,
        "operationsMaintenance": 1319,
        "otherOperatingExpensesTotal": -570,
        "otherRevenue": 17677,
        "period": "2023-12-31",
        "pretaxIncome": 3497,
        "provisionforIncomeTaxes": 838,
        "revenue": 17677,
        "totalOperatingExpense": 1518,
        "totalOtherIncomeExpenseNet": 89,
        "year": 2023
      },
      {
        "costOfGoodsSold": 17909.866,
        "depreciationAmortization": 626.132,
        "dilutedAverageSharesOutstanding": 448.447,
        "dilutedEPS": 3.838,
        "ebit": 2701.19,
        "grossIncome": 4477.026,
        "interestExpense": 675.946,
        "interestIncomeExpense": -528.226,
        "netIncome": 1721.121,
        "netIncomeAfterTaxes": 1722.221,
        "nonRecurringItems": 106.229,
        "operationsMaintenance": 958.246,
        "otherOperatingExpensesTotal": 191.458,
        "otherRevenue": 22386.892,
        "period": "2022-12-31",
        "pretaxIncome": 2249.645,
        "provisionforIncomeTaxes": 527.424,
        "revenue": 22386.892,
        "totalOperatingExpense": 1775.836,
        "totalOtherIncomeExpenseNet": -29.548,
        "year": 2022
      },
      {
        "costOfGoodsSold": 12256.655,
        "depreciationAmortization": 621.701,
        "dilutedAverageSharesOutstanding": 447.403,
        "dilutedEPS": 3.3496,
        "ebit": 2594.865,
        "grossIncome": 4283.654,
        "interestExpense": 732.924,
        "interestIncomeExpense": -610.404,
        "netIncome": 1498.606,
        "netIncomeAfterTaxes": 1499.706,
        "nonRecurringItems": 1.394,
        "operationsMaintenance": 882.673,
        "otherOperatingExpensesTotal": 166.668,
        "otherRevenue": 16540.309,
        "period": "2021-12-31",
        "pretaxIncome": 1984.204,
        "provisionforIncomeTaxes": 484.498,
        "revenue": 16540.309,
        "sgaExpense": 17.747,
        "totalOperatingExpense": 1688.789,
        "totalOtherIncomeExpenseNet": -3.333,
        "year": 2021
      },
      {
        "costOfGoodsSold": 5110,
        "depreciationAmortization": 579,
        "dilutedAverageSharesOutstanding": 432,
        "dilutedEPS": 1.42,
        "ebit": 1967,
        "grossIncome": 3432,
        "interestExpense": 712.886,
        "interestIncomeExpense": -570,
        "minorityInterest": 0,
        "netIncome": 612,
        "netIncomeAfterTaxes": 613,
        "nonRecurringItems": -621,
        "operationsMaintenance": 744,
        "otherOperatingExpensesTotal": 125,
        "otherRevenue": 8542,
        "period": "2020-12-31",
        "pretaxIncome": 802,
        "provisionforIncomeTaxes": 190,
        "revenue": 8542,
        "sgaExpense": 17,
        "totalOperatingExpense": 1465,
        "totalOtherIncomeExpenseNet": 26,
        "year": 2020
      },
      {
        "costOfGoodsSold": 6788,
        "depreciationAmortization": 477,
        "dilutedAverageSharesOutstanding": 415,
        "dilutedEPS": 3.07,
        "ebit": 1917,
        "grossIncome": 3376,
        "interestExpense": 491.773,
        "interestIncomeExpense": -337,
        "minorityInterest": 0,
        "netIncome": 1277,
        "netIncomeAfterTaxes": 1279,
        "nonRecurringItems": -3,
        "operationsMaintenance": 857,
        "otherOperatingExpensesTotal": 119,
        "otherRevenue": 10164,
        "period": "2019-12-31",
        "pretaxIncome": 1651,
        "provisionforIncomeTaxes": 372,
        "revenue": 10164,
        "sgaExpense": 7,
        "totalOperatingExpense": 1459,
        "totalOtherIncomeExpenseNet": 74,
        "year": 2019
      },
      {
        "costOfGoodsSold": 9423,
        "depreciationAmortization": 429,
        "dilutedAverageSharesOutstanding": 414,
        "dilutedEPS": 2.78,
        "ebit": 1834,
        "grossIncome": 3170,
        "interestExpense": 469.62,
        "interestIncomeExpense": -311,
        "minorityInterest": -3,
        "netIncome": 1151,
        "netIncomeAfterTaxes": 1155,
        "nonRecurringItems": 1,
        "operationsMaintenance": 803,
        "otherOperatingExpensesTotal": 104,
        "otherRevenue": 12593,
        "period": "2018-12-31",
        "pretaxIncome": 1518,
        "provisionforIncomeTaxes": 363,
        "revenue": 12593,
        "totalOperatingExpense": 1336,
        "totalOtherIncomeExpenseNet": -6,
        "year": 2018
      },
      {
        "costOfGoodsSold": 9538,
        "depreciationAmortization": 406,
        "dilutedAverageSharesOutstanding": 300,
        "dilutedEPS": 1.29,
        "ebit": 1407,
        "grossIncome": 2636,
        "interestExpense": 485.658,
        "interestIncomeExpense": -326,
        "minorityInterest": -206,
        "netIncome": 387,
        "netIncomeAfterTaxes": 735,
        "nonRecurringItems": -19,
        "operationsMaintenance": 724,
        "otherOperatingExpensesTotal": 98,
        "otherRevenue": 12174,
        "period": "2017-12-31",
        "pretaxIncome": 1041,
        "provisionforIncomeTaxes": 306,
        "revenue": 12174,
        "totalOperatingExpense": 1229,
        "totalOtherIncomeExpenseNet": -20,
        "year": 2017
      },
      {
        "costOfGoodsSold": 6496,
        "depreciationAmortization": 392,
        "dilutedAverageSharesOutstanding": 212,
        "dilutedEPS": 1.67,
        "ebit": 1286,
        "grossIncome": 2425,
        "interestExpense": 469.651,
        "interestIncomeExpense": -330,
        "minorityInterest": -391,
        "netIncome": 352,
        "netIncomeAfterTaxes": 746,
        "nonRecurringItems": 10,
        "operationsMaintenance": 658,
        "otherOperatingExpensesTotal": 89,
        "otherRevenue": 8921,
        "period": "2016-12-31",
        "pretaxIncome": 958,
        "provisionforIncomeTaxes": 212,
        "revenue": 8921,
        "totalOperatingExpense": 1139,
        "totalOtherIncomeExpenseNet": -8,
        "year": 2016
      },
      {
        "costOfGoodsSold": 5641,
        "depreciationAmortization": 355,
        "dilutedAverageSharesOutstanding": 211,
        "dilutedEPS": 1.16,
        "ebit": 1075,
        "grossIncome": 2122,
        "interestExpense": 416.787,
        "interestIncomeExpense": -291,
        "minorityInterest": -134,
        "netIncome": 245,
        "netIncomeAfterTaxes": 385,
        "nonRecurringItems": -259,
        "operationsMaintenance": 606,
        "otherOperatingExpensesTotal": 88,
        "otherRevenue": 7763,
        "period": "2015-12-31",
        "pretaxIncome": 522,
        "provisionforIncomeTaxes": 137,
        "revenue": 7763,
        "totalOperatingExpense": 1048,
        "totalOtherIncomeExpenseNet": -2,
        "year": 2015
      }
    ],
    "symbol": "OKE"
  }
}