{
  "symbol": "FANG",
  "statement": "ic",
  "frequency": "annual",
  "timestamp": "2025-09-19T13:59:08.187985",
  "data": {
    "financials": [
      {
        "costOfGoodsSold": 3201,
        "depreciationAmortization": 2850,
        "dilutedAverageSharesOutstanding": 213.545,
        "dilutedEPS": 15.533,
        "ebit": 4699,
        "grossIncome": 7865,
        "interestExpense": 288,
        "interestIncomeExpense": 26,
        "minorityInterest": -363,
        "netIncome": 3317,
        "netIncomeAfterTaxes": 3701,
        "nonRecurringItems": -301,
        "otherOperatingExpensesTotal": 103,
        "period": "2024-12-31",
        "pretaxIncome": 4501,
        "provisionforIncomeTaxes": 800,
        "revenue": 11066,
        "sgaExpense": 213,
        "totalOperatingExpense": 3166,
        "totalOtherIncomeExpenseNet": 77,
        "year": 2024
      },
      {
        "costOfGoodsSold": 1795,
        "depreciationAmortization": 1746,
        "dilutedAverageSharesOutstanding": 179.999,
        "dilutedEPS": 17.339,
        "ebit": 4581,
        "grossIncome": 6617,
        "interestExpense": 175,
        "interestIncomeExpense": -384,
        "minorityInterest": -193,
        "netIncome": 3121,
        "netIncomeAfterTaxes": 3336,
        "nonRecurringItems": -15,
        "otherOperatingExpensesTotal": 140,
        "period": "2023-12-31",
        "pretaxIncome": 4248,
        "provisionforIncomeTaxes": 912,
        "revenue": 8412,
        "sgaExpense": 150,
        "totalOperatingExpense": 2036,
        "totalOtherIncomeExpenseNet": 66,
        "year": 2023
      },
      {
        "costOfGoodsSold": 1521,
        "depreciationAmortization": 1344,
        "dilutedAverageSharesOutstanding": 176.5,
        "dilutedEPS": 24.61,
        "ebit": 6522,
        "grossIncome": 8122,
        "interestExpense": 148,
        "interestIncomeExpense": -656,
        "minorityInterest": -176,
        "netIncome": 4344,
        "netIncomeAfterTaxes": 4562,
        "nonRecurringItems": -113,
        "otherOperatingExpensesTotal": 112,
        "period": "2022-12-31",
        "pretaxIncome": 5736,
        "provisionforIncomeTaxes": 1174,
        "revenue": 9643,
        "sgaExpense": 144,
        "totalOperatingExpense": 1600,
        "totalOtherIncomeExpenseNet": -17,
        "year": 2022
      },
      {
        "costOfGoodsSold": 1291,
        "depreciationAmortization": 1275,
        "dilutedAverageSharesOutstanding": 177.4,
        "dilutedEPS": 12.3,
        "ebit": 4079,
        "grossIncome": 5506,
        "interestExpense": 193,
        "interestIncomeExpense": -1002,
        "minorityInterest": -94,
        "netIncome": 2182,
        "netIncomeAfterTaxes": 2276,
        "nonRecurringItems": -153,
        "otherOperatingExpensesTotal": 6,
        "period": "2021-12-31",
        "pretaxIncome": 2907,
        "provisionforIncomeTaxes": 631,
        "revenue": 6797,
        "sgaExpense": 146,
        "totalOperatingExpense": 1427,
        "totalOtherIncomeExpenseNet": -17,
        "year": 2021
      },
      {
        "costOfGoodsSold": 865,
        "depreciationAmortization": 1304,
        "dilutedAverageSharesOutstanding": 158,
        "dilutedEPS": -28.58,
        "ebit": 545,
        "grossIncome": 1948,
        "interestExpense": 197,
        "interestIncomeExpense": -297,
        "minorityInterest": 155,
        "netIncome": -4517,
        "netIncomeAfterTaxes": -4851,
        "nonRecurringItems": -6026,
        "otherOperatingExpensesTotal": 11,
        "period": "2020-12-31",
        "pretaxIncome": -5776,
        "provisionforIncomeTaxes": -925,
        "revenue": 2813,
        "sgaExpense": 88,
        "totalOperatingExpense": 1403,
        "totalOtherIncomeExpenseNet": 2,
        "year": 2020
      },
      {
        "costOfGoodsSold": 917,
        "depreciationAmortization": 1447,
        "dilutedAverageSharesOutstanding": 163.8,
        "dilutedEPS": 1.46,
        "ebit": 1485,
        "grossIncome": 3047,
        "interestExpense": 172,
        "interestIncomeExpense": -275,
        "minorityInterest": -75,
        "netIncome": 240,
        "netIncomeAfterTaxes": 315,
        "nonRecurringItems": -846,
        "otherOperatingExpensesTotal": 11,
        "period": "2019-12-31",
        "pretaxIncome": 362,
        "provisionforIncomeTaxes": 47,
        "revenue": 3964,
        "sgaExpense": 104,
        "totalOperatingExpense": 1562,
        "totalOtherIncomeExpenseNet": -2,
        "year": 2019
      },
      {
        "costOfGoodsSold": 435.6,
        "depreciationAmortization": 623,
        "dilutedAverageSharesOutstanding": 104.9,
        "dilutedEPS": 8.06,
        "ebit": 1047.6,
        "grossIncome": 1740.6,
        "interestExpense": 87.276,
        "interestIncomeExpense": 13.5,
        "minorityInterest": -99.2,
        "netIncome": 845.7,
        "netIncomeAfterTaxes": 944.9,
        "nonRecurringItems": -36.8,
        "otherOperatingExpensesTotal": 5.4,
        "period": "2018-12-31",
        "pretaxIncome": 1113.3,
        "provisionforIncomeTaxes": 168.4,
        "revenue": 2176.3,
        "sgaExpense": 64.6,
        "totalOperatingExpense": 693.1,
        "totalOtherIncomeExpenseNet": 89,
        "year": 2018
      },
      {
        "costOfGoodsSold": 223.3,
        "depreciationAmortization": 326.8,
        "dilutedAverageSharesOutstanding": 97.7,
        "dilutedEPS": 4.93,
        "ebit": 605,
        "grossIncome": 981.8,
        "interestExpense": 40.554,
        "interestIncomeExpense": -118.1,
        "minorityInterest": -34.5,
        "netIncome": 482.3,
        "netIncomeAfterTaxes": 584.7,
        "nonRecurringItems": 0,
        "otherOperatingExpensesTotal": 1.4,
        "period": "2017-12-31",
        "pretaxIncome": 497.2,
        "provisionforIncomeTaxes": -87.5,
        "revenue": 1205.1,
        "sgaExpense": 48.7,
        "totalOperatingExpense": 376.8,
        "totalOtherIncomeExpenseNet": 10.2,
        "year": 2017
      },
      {
        "costOfGoodsSold": 128.5,
        "depreciationAmortization": 178,
        "dilutedAverageSharesOutstanding": 75.1,
        "dilutedEPS": -2.2,
        "ebit": 176.9,
        "grossIncome": 398.6,
        "interestExpense": 40.684,
        "interestIncomeExpense": -66,
        "minorityInterest": -0.1,
        "netIncome": -165,
        "netIncomeAfterTaxes": -164.9,
        "nonRecurringItems": -278.7,
        "otherOperatingExpensesTotal": 1.1,
        "period": "2016-12-31",
        "pretaxIncome": -164.7,
        "provisionforIncomeTaxes": 0.2,
        "revenue": 527.1,
        "sgaExpense": 42.6,
        "totalOperatingExpense": 221.7,
        "totalOtherIncomeExpenseNet": 3.1,
        "year": 2016
      },
      {
        "costOfGoodsSold": 121.7,
        "depreciationAmortization": 217.7,
        "dilutedAverageSharesOutstanding": 63,
        "dilutedEPS": -8.74,
        "ebit": 74.5,
        "grossIncome": 325,
        "interestExpense": 41.51,
        "interestIncomeExpense": -9.6,
        "minorityInterest": -2.8,
        "netIncome": -550.6,
        "netIncomeAfterTaxes": -547.8,
        "nonRecurringItems": -814.8,
        "otherOperatingExpensesTotal": 0.8,
        "period": "2015-12-31",
        "pretaxIncome": -749.1,
        "provisionforIncomeTaxes": -201.3,
        "revenue": 446.7,
        "sgaExpense": 32,
        "totalOperatingExpense": 250.5,
        "totalOtherIncomeExpenseNet": 0.7,
        "year": 2015
      }
    ],
    "symbol": "FANG"
  }
}