{
  "symbol": "PLD",
  "statement": "ic",
  "frequency": "annual",
  "timestamp": "2025-09-19T14:05:47.054617",
  "data": {
    "financials": [
      {
        "costOfGoodsSold": 2057.241,
        "depreciationAmortization": 2580.519,
        "dilutedAverageSharesOutstanding": 953.59,
        "dilutedEPS": 3.9,
        "ebit": 3098.041,
        "gainLossOnDispositionOfAssets": 1317.879,
        "grossIncome": 6144.369,
        "interestExpense": 863.932,
        "interestIncomeExpense": -301.578,
        "minorityInterest": -216.3,
        "netIncome": 3725.754,
        "netIncomeAfterTaxes": 3947.935,
        "nonRecurringItems": 0.536,
        "otherOperatingExpensesTotal": 47.044,
        "period": "2024-12-31",
        "pretaxIncome": 4114.878,
        "provisionforIncomeTaxes": 166.943,
        "revenue": 8201.61,
        "sgaExpense": 418.765,
        "totalOperatingExpense": 3046.328,
        "year": 2024
      },
      {
        "costOfGoodsSold": 2010.335,
        "depreciationAmortization": 2484.891,
        "dilutedAverageSharesOutstanding": 951.791,
        "dilutedEPS": 3.2,
        "ebit": 3084.483,
        "gainLossOnDispositionOfAssets": 623.309,
        "grossIncome": 6013.134,
        "interestExpense": 641.332,
        "interestIncomeExpense": -246.884,
        "minorityInterest": -193.931,
        "netIncome": 3053.373,
        "netIncomeAfterTaxes": 3253.145,
        "nonRecurringItems": 3.275,
        "otherOperatingExpensesTotal": 53.354,
        "period": "2023-12-31",
        "pretaxIncome": 3464.183,
        "provisionforIncomeTaxes": 211.038,
        "revenue": 8023.469,
        "sgaExpense": 390.406,
        "totalOperatingExpense": 2928.651,
        "year": 2023
      },
      {
        "costOfGoodsSold": 1509.094,
        "depreciationAmortization": 1812.777,
        "dilutedAverageSharesOutstanding": 811.608,
        "dilutedEPS": 4.13,
        "ebit": 2280.402,
        "gainLossOnDispositionOfAssets": 1187.136,
        "grossIncome": 4464.598,
        "interestExpense": 309.037,
        "interestIncomeExpense": 243.456,
        "minorityInterest": -190.542,
        "netIncome": 3358.796,
        "netIncomeAfterTaxes": 3555.398,
        "nonRecurringItems": -20.184,
        "otherOperatingExpensesTotal": 40.336,
        "period": "2022-12-31",
        "pretaxIncome": 3690.81,
        "provisionforIncomeTaxes": 135.412,
        "revenue": 5973.692,
        "sgaExpense": 331.083,
        "totalOperatingExpense": 2184.196,
        "year": 2022
      },
      {
        "costOfGoodsSold": 1248.487,
        "depreciationAmortization": 1577.942,
        "dilutedAverageSharesOutstanding": 764.762,
        "dilutedEPS": 3.83,
        "ebit": 1617.409,
        "gainLossOnDispositionOfAssets": 1589.587,
        "grossIncome": 3510.953,
        "interestExpense": 266.228,
        "interestIncomeExpense": 303.305,
        "minorityInterest": -208.867,
        "netIncome": 2933.571,
        "netIncomeAfterTaxes": 3148.59,
        "nonRecurringItems": -187.453,
        "otherOperatingExpensesTotal": 22.435,
        "period": "2021-12-31",
        "pretaxIncome": 3322.848,
        "provisionforIncomeTaxes": 174.258,
        "revenue": 4759.44,
        "sgaExpense": 293.167,
        "totalOperatingExpense": 1893.544,
        "year": 2021
      },
      {
        "costOfGoodsSold": 1170.104,
        "depreciationAmortization": 1561.969,
        "dilutedAverageSharesOutstanding": 754.414,
        "dilutedEPS": 1.95,
        "ebit": 1406.807,
        "gainLossOnDispositionOfAssets": 717.137,
        "grossIncome": 3268.631,
        "interestExpense": 314.507,
        "interestIncomeExpense": -183.566,
        "minorityInterest": -134.816,
        "netIncome": 1473.122,
        "netIncomeAfterTaxes": 1616.63,
        "nonRecurringItems": -193.29,
        "otherOperatingExpensesTotal": 30.01,
        "period": "2020-12-31",
        "pretaxIncome": 1747.088,
        "provisionforIncomeTaxes": 130.458,
        "revenue": 4438.735,
        "sgaExpense": 269.845,
        "totalOperatingExpense": 1861.824,
        "year": 2020
      },
      {
        "costOfGoodsSold": 918.927,
        "depreciationAmortization": 1139.879,
        "dilutedAverageSharesOutstanding": 654.903,
        "dilutedEPS": 2.39,
        "ebit": 991.948,
        "gainLossOnDispositionOfAssets": 857.818,
        "grossIncome": 2411.694,
        "interestExpense": 239.953,
        "interestIncomeExpense": -57.277,
        "minorityInterest": -128.887,
        "netIncome": 1566.95,
        "netIncomeAfterTaxes": 1701.846,
        "nonRecurringItems": -16.126,
        "otherOperatingExpensesTotal": 13.149,
        "period": "2019-12-31",
        "pretaxIncome": 1776.363,
        "provisionforIncomeTaxes": 74.517,
        "revenue": 3330.621,
        "sgaExpense": 266.718,
        "totalOperatingExpense": 1419.746,
        "year": 2019
      },
      {
        "costOfGoodsSold": 757.688,
        "depreciationAmortization": 947.214,
        "dilutedAverageSharesOutstanding": 590.239,
        "dilutedEPS": 2.78,
        "ebit": 847.002,
        "gainLossOnDispositionOfAssets": 840.996,
        "grossIncome": 2046.761,
        "interestExpense": 229.141,
        "interestIncomeExpense": 200.878,
        "minorityInterest": -173.599,
        "netIncome": 1643.426,
        "netIncomeAfterTaxes": 1822.96,
        "nonRecurringItems": -2.586,
        "otherOperatingExpensesTotal": 13.56,
        "period": "2018-12-31",
        "pretaxIncome": 1886.29,
        "provisionforIncomeTaxes": 63.33,
        "revenue": 2804.449,
        "sgaExpense": 238.985,
        "totalOperatingExpense": 1199.759,
        "year": 2018
      },
      {
        "costOfGoodsSold": 724.664,
        "depreciationAmortization": 879.14,
        "dilutedAverageSharesOutstanding": 552.3,
        "dilutedEPS": 2.97,
        "ebit": 771.066,
        "gainLossOnDispositionOfAssets": 1182.965,
        "grossIncome": 1893.47,
        "interestExpense": 274.486,
        "interestIncomeExpense": -70.084,
        "minorityInterest": -108.634,
        "netIncome": 1641.931,
        "netIncomeAfterTaxes": 1760.959,
        "nonRecurringItems": -68.379,
        "otherOperatingExpensesTotal": 12.205,
        "period": "2017-12-31",
        "pretaxIncome": 1815.568,
        "provisionforIncomeTaxes": 54.609,
        "revenue": 2618.134,
        "sgaExpense": 231.059,
        "totalOperatingExpense": 1122.404,
        "year": 2017
      },
      {
        "costOfGoodsSold": 697.376,
        "depreciationAmortization": 930.985,
        "dilutedAverageSharesOutstanding": 546.666,
        "dilutedEPS": 2.27,
        "ebit": 668.378,
        "gainLossOnDispositionOfAssets": 757.398,
        "grossIncome": 1835.759,
        "interestExpense": 303.146,
        "interestIncomeExpense": -81.156,
        "minorityInterest": -82.608,
        "netIncome": 1240.297,
        "netIncomeAfterTaxes": 1292.54,
        "nonRecurringItems": 2.484,
        "otherOperatingExpensesTotal": 14.329,
        "period": "2016-12-31",
        "pretaxIncome": 1347.104,
        "provisionforIncomeTaxes": 54.564,
        "revenue": 2533.135,
        "sgaExpense": 222.067,
        "totalOperatingExpense": 1167.381,
        "year": 2016
      },
      {
        "costOfGoodsSold": 631.632,
        "depreciationAmortization": 880.373,
        "dilutedAverageSharesOutstanding": 533.944,
        "dilutedEPS": 1.64,
        "ebit": 380.172,
        "gainLossOnDispositionOfAssets": 758.887,
        "grossIncome": 1565.442,
        "interestExpense": 301.363,
        "interestIncomeExpense": -104.151,
        "minorityInterest": -56.076,
        "netIncome": 874.294,
        "netIncomeAfterTaxes": 925.515,
        "nonRecurringItems": -86.303,
        "otherOperatingExpensesTotal": 66.698,
        "period": "2015-12-31",
        "pretaxIncome": 948.605,
        "provisionforIncomeTaxes": 23.09,
        "revenue": 2197.074,
        "sgaExpense": 238.199,
        "totalOperatingExpense": 1185.27,
        "year": 2015
      }
    ],
    "symbol": "PLD"
  }
}