{
  "symbol": "APA",
  "statement": "ic",
  "frequency": "annual",
  "timestamp": "2025-09-19T13:56:05.900590",
  "data": {
    "financials": [
      {
        "costOfGoodsSold": 2737,
        "depreciationAmortization": 2266,
        "dilutedAverageSharesOutstanding": 353,
        "dilutedEPS": 2.2776,
        "ebit": 3234,
        "gainLossOnDispositionOfAssets": -273,
        "grossIncome": 7000,
        "interestExpense": 379,
        "interestIncomeExpense": -368,
        "minorityInterest": -314,
        "netIncome": 804,
        "netIncomeAfterTaxes": 1118,
        "nonRecurringItems": -1043,
        "otherOperatingExpensesTotal": 148,
        "period": "2024-12-31",
        "pretaxIncome": 1535,
        "provisionforIncomeTaxes": 417,
        "researchDevelopment": 278,
        "revenue": 9737,
        "sgaExpense": 1074,
        "totalOperatingExpense": 3766,
        "totalOtherIncomeExpenseNet": -15,
        "year": 2024
      },
      {
        "costOfGoodsSold": 2178,
        "depreciationAmortization": 1540,
        "dilutedAverageSharesOutstanding": 309,
        "dilutedEPS": 9.2395,
        "ebit": 3380,
        "gainLossOnDispositionOfAssets": -212,
        "grossIncome": 6101,
        "interestExpense": 331,
        "interestIncomeExpense": -181,
        "minorityInterest": -352,
        "netIncome": 2855,
        "netIncomeAfterTaxes": 3207,
        "nonRecurringItems": -81,
        "otherOperatingExpensesTotal": 116,
        "period": "2023-12-31",
        "pretaxIncome": 2883,
        "provisionforIncomeTaxes": -324,
        "researchDevelopment": 173,
        "revenue": 8279,
        "sgaExpense": 892,
        "totalOperatingExpense": 2721,
        "totalOtherIncomeExpenseNet": -23,
        "year": 2023
      },
      {
        "costOfGoodsSold": 3220,
        "depreciationAmortization": 1233,
        "dilutedAverageSharesOutstanding": 333,
        "dilutedEPS": 11.03,
        "ebit": 5106,
        "gainLossOnDispositionOfAssets": -157,
        "grossIncome": 7855,
        "interestExpense": 322,
        "interestIncomeExpense": -426,
        "minorityInterest": -408,
        "netIncome": 3674,
        "netIncomeAfterTaxes": 4082,
        "nonRecurringItems": 1063,
        "otherOperatingExpensesTotal": 117,
        "period": "2022-12-31",
        "pretaxIncome": 5734,
        "provisionforIncomeTaxes": 1652,
        "researchDevelopment": 281,
        "revenue": 11075,
        "sgaExpense": 1118,
        "totalOperatingExpense": 2749,
        "totalOtherIncomeExpenseNet": 148,
        "year": 2022
      },
      {
        "costOfGoodsSold": 2821,
        "depreciationAmortization": 1360,
        "dilutedAverageSharesOutstanding": 375,
        "dilutedEPS": 2.59,
        "ebit": 2723,
        "gainLossOnDispositionOfAssets": -446,
        "grossIncome": 5164,
        "interestExpense": 418,
        "interestIncomeExpense": -316,
        "minorityInterest": -340,
        "netIncome": 973,
        "netIncomeAfterTaxes": 1313,
        "nonRecurringItems": -298,
        "otherOperatingExpensesTotal": 113,
        "period": "2021-12-31",
        "pretaxIncome": 1891,
        "provisionforIncomeTaxes": 578,
        "researchDevelopment": 124,
        "revenue": 7985,
        "sgaExpense": 844,
        "totalOperatingExpense": 2441,
        "totalOtherIncomeExpenseNet": 228,
        "year": 2021
      },
      {
        "costOfGoodsSold": 1484,
        "depreciationAmortization": 1772,
        "dilutedAverageSharesOutstanding": 378,
        "dilutedEPS": -12.86,
        "ebit": 210,
        "grossIncome": 2951,
        "interestExpense": 434,
        "interestIncomeExpense": -650,
        "minorityInterest": 44,
        "netIncome": -4860,
        "netIncomeAfterTaxes": -4904,
        "nonRecurringItems": -4464,
        "otherOperatingExpensesTotal": 109,
        "period": "2020-12-31",
        "pretaxIncome": -4840,
        "provisionforIncomeTaxes": 64,
        "researchDevelopment": 173,
        "revenue": 4435,
        "sgaExpense": 687,
        "totalOperatingExpense": 2741,
        "totalOtherIncomeExpenseNet": 64,
        "year": 2020
      },
      {
        "costOfGoodsSold": 1589,
        "depreciationAmortization": 2680,
        "dilutedAverageSharesOutstanding": 377,
        "dilutedEPS": -9.42,
        "ebit": 1010,
        "grossIncome": 4902,
        "interestExpense": 400,
        "interestIncomeExpense": -422,
        "minorityInterest": 129,
        "netIncome": -3553,
        "netIncomeAfterTaxes": -3682,
        "nonRecurringItems": -3650,
        "otherOperatingExpensesTotal": 107,
        "period": "2019-12-31",
        "pretaxIncome": -3008,
        "provisionforIncomeTaxes": 674,
        "researchDevelopment": 186,
        "revenue": 6491,
        "sgaExpense": 919,
        "totalOperatingExpense": 3892,
        "totalOtherIncomeExpenseNet": 54,
        "year": 2019
      },
      {
        "costOfGoodsSold": 1779,
        "depreciationAmortization": 2405,
        "dilutedAverageSharesOutstanding": 384,
        "dilutedEPS": 0.1,
        "ebit": 2130,
        "grossIncome": 5926,
        "interestExpense": 406,
        "interestIncomeExpense": -401,
        "minorityInterest": -246,
        "netIncome": 40,
        "netIncomeAfterTaxes": 550,
        "nonRecurringItems": -824,
        "otherOperatingExpensesTotal": 108,
        "period": "2018-12-31",
        "pretaxIncome": 958,
        "provisionforIncomeTaxes": 408,
        "researchDevelopment": 289,
        "revenue": 7705,
        "sgaExpense": 994,
        "totalOperatingExpense": 3796,
        "totalOtherIncomeExpenseNet": 53,
        "year": 2018
      },
      {
        "costOfGoodsSold": 1400,
        "depreciationAmortization": 2280,
        "dilutedAverageSharesOutstanding": 383,
        "dilutedEPS": 3.4,
        "ebit": 803,
        "grossIncome": 4487,
        "interestExpense": 415,
        "interestIncomeExpense": -531,
        "minorityInterest": -199,
        "netIncome": 1304,
        "netIncomeAfterTaxes": 1616,
        "nonRecurringItems": 602,
        "otherOperatingExpensesTotal": 130,
        "period": "2017-12-31",
        "pretaxIncome": 918,
        "provisionforIncomeTaxes": -698,
        "researchDevelopment": 549,
        "revenue": 5887,
        "sgaExpense": 725,
        "totalOperatingExpense": 3684,
        "totalOtherIncomeExpenseNet": 44,
        "year": 2017
      },
      {
        "costOfGoodsSold": 1494,
        "depreciationAmortization": 2618,
        "dilutedAverageSharesOutstanding": 379,
        "dilutedEPS": -3.7,
        "ebit": -110,
        "grossIncome": 3873,
        "interestExpense": 424,
        "interestIncomeExpense": -416,
        "minorityInterest": -132,
        "netIncome": -1405,
        "netIncomeAfterTaxes": -1240,
        "nonRecurringItems": -1122,
        "otherOperatingExpensesTotal": 156,
        "period": "2016-12-31",
        "pretaxIncome": -1682,
        "provisionforIncomeTaxes": -442,
        "researchDevelopment": 473,
        "revenue": 5367,
        "sgaExpense": 736,
        "totalOperatingExpense": 3983,
        "totalOtherIncomeExpenseNet": -34,
        "year": 2016
      },
      {
        "costOfGoodsSold": 1854,
        "depreciationAmortization": 3300,
        "dilutedAverageSharesOutstanding": 378,
        "dilutedEPS": -27.38,
        "ebit": -2433,
        "grossIncome": 4656,
        "interestExpense": 482,
        "interestIncomeExpense": -472,
        "minorityInterest": 315,
        "netIncome": -10352,
        "netIncomeAfterTaxes": -11159,
        "nonRecurringItems": -9362,
        "otherOperatingExpensesTotal": 145,
        "period": "2015-12-31",
        "pretaxIncome": -12169,
        "provisionforIncomeTaxes": -1010,
        "researchDevelopment": 2771,
        "revenue": 6510,
        "sgaExpense": 873,
        "totalOperatingExpense": 7089,
        "totalOtherIncomeExpenseNet": 98,
        "year": 2015
      }
    ],
    "symbol": "APA"
  }
}