{
  "symbol": "PFE",
  "statement": "ic",
  "frequency": "annual",
  "timestamp": "2025-09-19T14:05:27.799305",
  "data": {
    "financials": [
      {
        "costOfGoodsSold": 16332,
        "depreciationAmortization": 5286,
        "dilutedAverageSharesOutstanding": 5700,
        "dilutedEPS": 1.41,
        "ebit": 16729,
        "gainLossOnDispositionOfAssets": -420,
        "grossIncome": 47295,
        "interestExpense": 3091,
        "interestIncomeExpense": -1164,
        "minorityInterest": -31,
        "netIncome": 8031,
        "netIncomeAfterTaxes": 8051,
        "nonRecurringItems": -7122,
        "otherOperatingExpensesTotal": -75,
        "period": "2024-12-31",
        "pretaxIncome": 8023,
        "provisionforIncomeTaxes": -28,
        "researchDevelopment": 10738,
        "revenue": 63627,
        "sgaExpense": 14617,
        "totalOperatingExpense": 30566,
        "year": 2024
      },
      {
        "costOfGoodsSold": 17789,
        "depreciationAmortization": 4733,
        "dilutedAverageSharesOutstanding": 5709,
        "dilutedEPS": 0.37,
        "ebit": 13096,
        "grossIncome": 41765,
        "interestExpense": 2209,
        "interestIncomeExpense": 1986,
        "minorityInterest": -39,
        "netIncome": 2119,
        "netIncomeAfterTaxes": 2173,
        "nonRecurringItems": -14025,
        "otherOperatingExpensesTotal": -1088,
        "period": "2023-12-31",
        "pretaxIncome": 1058,
        "provisionforIncomeTaxes": -1115,
        "researchDevelopment": 10578,
        "revenue": 59554,
        "sgaExpense": 14446,
        "totalOperatingExpense": 28669,
        "totalOtherIncomeExpenseNet": 1,
        "year": 2023
      },
      {
        "costOfGoodsSold": 34097,
        "depreciationAmortization": 3609,
        "dilutedAverageSharesOutstanding": 5733,
        "dilutedEPS": 5.47,
        "ebit": 40786,
        "grossIncome": 67078,
        "interestExpense": 1238,
        "interestIncomeExpense": -2138,
        "minorityInterest": -35,
        "netIncome": 31372,
        "netIncomeAfterTaxes": 31401,
        "nonRecurringItems": -3921,
        "otherOperatingExpensesTotal": -1792,
        "period": "2022-12-31",
        "pretaxIncome": 34729,
        "provisionforIncomeTaxes": 3328,
        "researchDevelopment": 11426,
        "revenue": 101175,
        "sgaExpense": 13049,
        "totalOperatingExpense": 26292,
        "totalOtherIncomeExpenseNet": 2,
        "year": 2022
      },
      {
        "costOfGoodsSold": 30686,
        "depreciationAmortization": 3700,
        "dilutedAverageSharesOutstanding": 5708,
        "dilutedEPS": 3.85,
        "ebit": 27535,
        "gainLossOnDispositionOfAssets": 99,
        "grossIncome": 50602,
        "interestExpense": 1291,
        "interestIncomeExpense": 726,
        "minorityInterest": -45,
        "netIncome": 21979,
        "netIncomeAfterTaxes": 22459,
        "nonRecurringItems": -4049,
        "otherOperatingExpensesTotal": -4321,
        "period": "2021-12-31",
        "pretaxIncome": 24311,
        "provisionforIncomeTaxes": 1852,
        "researchDevelopment": 11579,
        "revenue": 81288,
        "sgaExpense": 12109,
        "totalOperatingExpense": 23067,
        "year": 2021
      },
      {
        "costOfGoodsSold": 8405,
        "depreciationAmortization": 3348,
        "dilutedAverageSharesOutstanding": 5632,
        "dilutedEPS": 1.62,
        "ebit": 10153,
        "gainLossOnDispositionOfAssets": -237,
        "grossIncome": 33246,
        "interestExpense": 1449,
        "interestIncomeExpense": -260,
        "minorityInterest": -36,
        "netIncome": 9159,
        "netIncomeAfterTaxes": 6666,
        "nonRecurringItems": -2619,
        "otherOperatingExpensesTotal": -997,
        "period": "2020-12-31",
        "pretaxIncome": 7036,
        "provisionforIncomeTaxes": 370,
        "researchDevelopment": 9340,
        "revenue": 41651,
        "sgaExpense": 11402,
        "totalOperatingExpense": 23093,
        "totalOtherIncomeExpenseNet": -1,
        "year": 2020
      },
      {
        "costOfGoodsSold": 8043,
        "depreciationAmortization": 4462,
        "dilutedAverageSharesOutstanding": 5675,
        "dilutedEPS": 2.86,
        "ebit": 9197,
        "gainLossOnDispositionOfAssets": 32,
        "grossIncome": 33129,
        "interestExpense": 1573,
        "interestIncomeExpense": -657,
        "minorityInterest": -29,
        "netIncome": 16272,
        "netIncomeAfterTaxes": 10545,
        "nonRecurringItems": 2914,
        "otherOperatingExpensesTotal": -746,
        "period": "2019-12-31",
        "pretaxIncome": 11485,
        "provisionforIncomeTaxes": 940,
        "researchDevelopment": 7731,
        "revenue": 41172,
        "sgaExpense": 12485,
        "totalOperatingExpense": 23932,
        "totalOtherIncomeExpenseNet": -1,
        "year": 2019
      },
      {
        "costOfGoodsSold": 8872,
        "depreciationAmortization": 4736,
        "dilutedAverageSharesOutstanding": 5977,
        "dilutedEPS": 1.86,
        "ebit": 8484,
        "gainLossOnDispositionOfAssets": 71,
        "grossIncome": 31953,
        "interestExpense": 1316,
        "interestIncomeExpense": -285,
        "minorityInterest": -36,
        "netIncome": 11152,
        "netIncomeAfterTaxes": 3264,
        "nonRecurringItems": -4675,
        "otherOperatingExpensesTotal": -1399,
        "period": "2018-12-31",
        "pretaxIncome": 3594,
        "provisionforIncomeTaxes": 330,
        "researchDevelopment": 7713,
        "revenue": 40825,
        "sgaExpense": 12419,
        "totalOperatingExpense": 23469,
        "totalOtherIncomeExpenseNet": -1,
        "year": 2018
      },
      {
        "costOfGoodsSold": 10838,
        "depreciationAmortization": 4758,
        "dilutedAverageSharesOutstanding": 6058,
        "dilutedEPS": 3.51,
        "ebit": 15583,
        "gainLossOnDispositionOfAssets": 288,
        "grossIncome": 41708,
        "interestExpense": 1270,
        "interestIncomeExpense": -972,
        "minorityInterest": -47,
        "netIncome": 21307,
        "netIncomeAfterTaxes": 11954,
        "nonRecurringItems": -2594,
        "otherOperatingExpensesTotal": -1074,
        "period": "2017-12-31",
        "pretaxIncome": 12305,
        "provisionforIncomeTaxes": 351,
        "researchDevelopment": 7657,
        "revenue": 52546,
        "sgaExpense": 14784,
        "totalOperatingExpense": 26125,
        "year": 2017
      },
      {
        "costOfGoodsSold": 11925,
        "depreciationAmortization": 4056,
        "dilutedAverageSharesOutstanding": 6159,
        "dilutedEPS": 1.17,
        "ebit": 15062,
        "gainLossOnDispositionOfAssets": 171,
        "grossIncome": 40899,
        "interestExpense": 1186,
        "interestIncomeExpense": -824,
        "minorityInterest": -31,
        "netIncome": 7214,
        "netIncomeAfterTaxes": 7228,
        "nonRecurringItems": -6058,
        "otherOperatingExpensesTotal": -928,
        "period": "2016-12-31",
        "pretaxIncome": 8351,
        "provisionforIncomeTaxes": 1123,
        "researchDevelopment": 7872,
        "revenue": 52824,
        "sgaExpense": 14837,
        "totalOperatingExpense": 25837,
        "year": 2016
      },
      {
        "costOfGoodsSold": 9573,
        "depreciationAmortization": 3728,
        "dilutedAverageSharesOutstanding": 6257,
        "dilutedEPS": 1.11,
        "ebit": 13633,
        "gainLossOnDispositionOfAssets": 232,
        "grossIncome": 39278,
        "interestExpense": 1199,
        "interestIncomeExpense": -1597,
        "minorityInterest": -26,
        "netIncome": 6959,
        "netIncomeAfterTaxes": 6974,
        "nonRecurringItems": -3304,
        "otherOperatingExpensesTotal": -582,
        "period": "2015-12-31",
        "pretaxIncome": 8964,
        "provisionforIncomeTaxes": 1990,
        "researchDevelopment": 7690,
        "revenue": 48851,
        "sgaExpense": 14809,
        "totalOperatingExpense": 25645,
        "year": 2015
      }
    ],
    "symbol": "PFE"
  }
}