{
  "symbol": "DOW",
  "statement": "ic",
  "frequency": "annual",
  "timestamp": "2025-09-19T13:59:22.387662",
  "data": {
    "financials": [
      {
        "costOfGoodsSold": 38358,
        "depreciationAmortization": 310,
        "dilutedAverageSharesOutstanding": 705.1,
        "dilutedEPS": 1.5657,
        "ebit": 1905,
        "gainLossOnDispositionOfAssets": 60,
        "grossIncome": 4606,
        "interestExpense": 811,
        "interestIncomeExpense": -662,
        "minorityInterest": -85,
        "netIncome": 1104,
        "netIncomeAfterTaxes": 1201,
        "nonRecurringItems": -67,
        "period": "2024-12-31",
        "pretaxIncome": 1600,
        "provisionforIncomeTaxes": 399,
        "researchDevelopment": 810,
        "revenue": 42964,
        "sgaExpense": 1581,
        "totalOperatingExpense": 2701,
        "totalOtherIncomeExpenseNet": 364,
        "year": 2024
      },
      {
        "costOfGoodsSold": 39742,
        "depreciationAmortization": 324,
        "dilutedAverageSharesOutstanding": 709,
        "dilutedEPS": 0.8152,
        "ebit": 2100,
        "gainLossOnDispositionOfAssets": 186,
        "grossIncome": 4880,
        "interestExpense": 746,
        "interestIncomeExpense": -976,
        "minorityInterest": -71,
        "netIncome": 578,
        "netIncomeAfterTaxes": 660,
        "nonRecurringItems": -515,
        "period": "2023-12-31",
        "pretaxIncome": 656,
        "provisionforIncomeTaxes": -4,
        "researchDevelopment": 829,
        "revenue": 44622,
        "sgaExpense": 1627,
        "totalOperatingExpense": 2780,
        "totalOtherIncomeExpenseNet": -139,
        "year": 2023
      },
      {
        "costOfGoodsSold": 48338,
        "depreciationAmortization": 336,
        "dilutedAverageSharesOutstanding": 726,
        "dilutedEPS": 6.28,
        "ebit": 5702,
        "gainLossOnDispositionOfAssets": 399,
        "grossIncome": 8564,
        "interestExpense": 662,
        "interestIncomeExpense": -338,
        "minorityInterest": -58,
        "netIncome": 4558,
        "netIncomeAfterTaxes": 4640,
        "nonRecurringItems": -62,
        "period": "2022-12-31",
        "pretaxIncome": 6090,
        "provisionforIncomeTaxes": 1450,
        "researchDevelopment": 851,
        "revenue": 56902,
        "sgaExpense": 1675,
        "totalOperatingExpense": 2862,
        "totalOtherIncomeExpenseNet": 389,
        "year": 2022
      },
      {
        "costOfGoodsSold": 44191,
        "depreciationAmortization": 388,
        "dilutedAverageSharesOutstanding": 749,
        "dilutedEPS": 8.38,
        "ebit": 7887,
        "gainLossOnDispositionOfAssets": 105,
        "grossIncome": 10777,
        "interestExpense": 731,
        "interestIncomeExpense": 291,
        "minorityInterest": -94,
        "netIncome": 6279,
        "netIncomeAfterTaxes": 6405,
        "nonRecurringItems": -480,
        "period": "2021-12-31",
        "pretaxIncome": 8145,
        "provisionforIncomeTaxes": 1740,
        "researchDevelopment": 857,
        "revenue": 54968,
        "sgaExpense": 1645,
        "totalOperatingExpense": 2890,
        "totalOtherIncomeExpenseNet": 342,
        "year": 2021
      },
      {
        "costOfGoodsSold": 33329,
        "depreciationAmortization": 401,
        "dilutedAverageSharesOutstanding": 742,
        "dilutedEPS": 1.64,
        "ebit": 2573,
        "gainLossOnDispositionOfAssets": 592,
        "grossIncome": 5213,
        "interestExpense": 878,
        "interestIncomeExpense": -838,
        "minorityInterest": -78,
        "netIncome": 1216,
        "netIncomeAfterTaxes": 1294,
        "nonRecurringItems": -395,
        "period": "2020-12-31",
        "pretaxIncome": 2071,
        "provisionforIncomeTaxes": 777,
        "researchDevelopment": 768,
        "revenue": 38542,
        "sgaExpense": 1471,
        "totalOperatingExpense": 2640,
        "totalOtherIncomeExpenseNet": 139,
        "year": 2020
      },
      {
        "costOfGoodsSold": 36657,
        "depreciationAmortization": 419,
        "dilutedAverageSharesOutstanding": 743,
        "dilutedEPS": -1.82,
        "ebit": 3520,
        "grossIncome": 6294,
        "interestExpense": 933,
        "interestIncomeExpense": -946,
        "minorityInterest": -87,
        "netIncome": -1359,
        "netIncomeAfterTaxes": -1717,
        "nonRecurringItems": -4587,
        "period": "2019-12-31",
        "pretaxIncome": -1247,
        "provisionforIncomeTaxes": 470,
        "researchDevelopment": 765,
        "revenue": 42951,
        "sgaExpense": 1590,
        "totalOperatingExpense": 2774,
        "totalOtherIncomeExpenseNet": 766,
        "year": 2019
      },
      {
        "costOfGoodsSold": 41074,
        "depreciationAmortization": 469,
        "dilutedAverageSharesOutstanding": 747,
        "dilutedEPS": 6.21,
        "ebit": 5479,
        "grossIncome": 8530,
        "interestExpense": 1063,
        "interestIncomeExpense": -426,
        "minorityInterest": -134,
        "netIncome": 4641,
        "netIncomeAfterTaxes": 2940,
        "nonRecurringItems": -1346,
        "period": "2018-12-31",
        "pretaxIncome": 3749,
        "provisionforIncomeTaxes": 809,
        "researchDevelopment": 800,
        "revenue": 49604,
        "sgaExpense": 1782,
        "totalOperatingExpense": 3051,
        "totalOtherIncomeExpenseNet": 42,
        "year": 2018
      },
      {
        "costOfGoodsSold": 36350,
        "depreciationAmortization": 400,
        "dilutedAverageSharesOutstanding": 745,
        "dilutedEPS": 0.62,
        "ebit": 4382,
        "grossIncome": 7380,
        "interestExpense": 914,
        "interestIncomeExpense": -454,
        "minorityInterest": -130,
        "netIncome": 465,
        "netIncomeAfterTaxes": -1287,
        "nonRecurringItems": -3310,
        "period": "2017-12-31",
        "pretaxIncome": 237,
        "provisionforIncomeTaxes": 1524,
        "researchDevelopment": 803,
        "revenue": 43730,
        "sgaExpense": 1795,
        "totalOperatingExpense": 2998,
        "totalOtherIncomeExpenseNet": -381,
        "year": 2017
      },
      {
        "costOfGoodsSold": 37668,
        "depreciationAmortization": 544,
        "dilutedAverageSharesOutstanding": 690,
        "dilutedEPS": 5.76,
        "ebit": 5400,
        "grossIncome": 10490,
        "interestExpense": 858,
        "interestIncomeExpense": -416,
        "minorityInterest": -86,
        "netIncome": 3978,
        "netIncomeAfterTaxes": 4404,
        "nonRecurringItems": -2057,
        "period": "2016-12-31",
        "pretaxIncome": 4413,
        "provisionforIncomeTaxes": 9,
        "researchDevelopment": 1593,
        "revenue": 48158,
        "sgaExpense": 2953,
        "totalOperatingExpense": 5090,
        "totalOtherIncomeExpenseNet": 1486,
        "year": 2016
      }
    ],
    "symbol": "DOW"
  }
}