{
  "symbol": "EXE",
  "statement": "ic",
  "frequency": "annual",
  "timestamp": "2025-09-19T14:00:09.654404",
  "data": {
    "financials": [
      {
        "costOfGoodsSold": 1448,
        "depreciationAmortization": 1729,
        "dilutedAverageSharesOutstanding": 156.989,
        "dilutedEPS": -4.5481,
        "ebit": -813,
        "grossIncome": 2748,
        "interestExpense": 123,
        "interestIncomeExpense": -123,
        "netIncome": -714,
        "netIncomeAfterTaxes": -714,
        "nonRecurringItems": 9,
        "otherOperatingExpensesTotal": 332,
        "period": "2024-12-31",
        "pretaxIncome": -841,
        "provisionforIncomeTaxes": -127,
        "researchDevelopment": 4,
        "revenue": 4196,
        "sgaExpense": 1496,
        "totalOperatingExpense": 3561,
        "totalOtherIncomeExpenseNet": 86,
        "year": 2024
      },
      {
        "costOfGoodsSold": 1376,
        "depreciationAmortization": 1527,
        "dilutedAverageSharesOutstanding": 142.976,
        "dilutedEPS": 16.92,
        "ebit": 2213,
        "grossIncome": 6399,
        "interestExpense": 104,
        "interestIncomeExpense": -104,
        "netIncome": 2419,
        "netIncomeAfterTaxes": 2419,
        "nonRecurringItems": 929,
        "otherOperatingExpensesTotal": 18,
        "period": "2023-12-31",
        "pretaxIncome": 3117,
        "provisionforIncomeTaxes": 698,
        "researchDevelopment": 15,
        "revenue": 7775,
        "sgaExpense": 2626,
        "totalOperatingExpense": 4186,
        "totalOtherIncomeExpenseNet": 79,
        "year": 2023
      },
      {
        "costOfGoodsSold": 1776,
        "depreciationAmortization": 1753,
        "dilutedAverageSharesOutstanding": 145.961,
        "dilutedEPS": 33.36,
        "ebit": 3549,
        "grossIncome": 9667,
        "interestExpense": 147,
        "interestIncomeExpense": -147,
        "minorityInterest": 0,
        "netIncome": 4869,
        "netIncomeAfterTaxes": 4936,
        "nonRecurringItems": 226,
        "otherOperatingExpensesTotal": 8,
        "period": "2022-12-31",
        "pretaxIncome": 3651,
        "provisionforIncomeTaxes": -1285,
        "revenue": 11443,
        "sgaExpense": 4357,
        "totalOperatingExpense": 6118,
        "totalOtherIncomeExpenseNet": 23,
        "year": 2022
      },
      {
        "costOfGoodsSold": 1387,
        "depreciationAmortization": 991,
        "dilutedAverageSharesOutstanding": 116.341,
        "dilutedEPS": 54.39,
        "ebit": 724,
        "grossIncome": 4405,
        "interestExpense": 84,
        "interestIncomeExpense": -84,
        "minorityInterest": 0,
        "netIncome": 6328,
        "netIncomeAfterTaxes": 6328,
        "nonRecurringItems": 5549,
        "otherOperatingExpensesTotal": 72,
        "period": "2021-12-31",
        "pretaxIncome": 6222,
        "provisionforIncomeTaxes": -106,
        "researchDevelopment": 6,
        "revenue": 5792,
        "sgaExpense": 2612,
        "totalOperatingExpense": 3681,
        "totalOtherIncomeExpenseNet": 33,
        "year": 2021
      },
      {
        "costOfGoodsSold": 1604,
        "depreciationAmortization": 1097,
        "dilutedAverageSharesOutstanding": 9.773,
        "dilutedEPS": -998.26,
        "ebit": 364,
        "grossIncome": 3662,
        "interestExpense": 418,
        "interestIncomeExpense": -331,
        "minorityInterest": 16,
        "netIncome": -9756,
        "netIncomeAfterTaxes": -9750,
        "nonRecurringItems": -9818,
        "otherOperatingExpensesTotal": 29,
        "period": "2020-12-31",
        "pretaxIncome": -9769,
        "provisionforIncomeTaxes": -19,
        "researchDevelopment": 16,
        "revenue": 5266,
        "sgaExpense": 2156,
        "totalOperatingExpense": 3298,
        "totalOtherIncomeExpenseNet": 16,
        "year": 2020
      },
      {
        "costOfGoodsSold": 1827,
        "depreciationAmortization": 2264,
        "dilutedAverageSharesOutstanding": 8.325,
        "dilutedEPS": -49.97,
        "ebit": 75,
        "gainLossOnDispositionOfAssets": 9,
        "grossIncome": 6725,
        "interestExpense": 657,
        "interestIncomeExpense": -651,
        "minorityInterest": 0,
        "netIncome": -416,
        "netIncomeAfterTaxes": -308,
        "nonRecurringItems": -102,
        "otherOperatingExpensesTotal": 17,
        "period": "2019-12-31",
        "pretaxIncome": -639,
        "provisionforIncomeTaxes": -331,
        "researchDevelopment": 51,
        "revenue": 8552,
        "sgaExpense": 4318,
        "totalOperatingExpense": 6650,
        "totalOtherIncomeExpenseNet": 30,
        "year": 2019
      },
      {
        "costOfGoodsSold": 2062,
        "depreciationAmortization": 1737,
        "dilutedAverageSharesOutstanding": 4.545,
        "dilutedEPS": 29.26,
        "ebit": 900,
        "grossIncome": 8232,
        "interestExpense": 722,
        "interestIncomeExpense": -633,
        "minorityInterest": -2,
        "netIncome": 133,
        "netIncomeAfterTaxes": 228,
        "nonRecurringItems": -116,
        "otherOperatingExpensesTotal": 0,
        "period": "2018-12-31",
        "pretaxIncome": 218,
        "provisionforIncomeTaxes": -10,
        "researchDevelopment": 102,
        "revenue": 10294,
        "sgaExpense": 5493,
        "totalOperatingExpense": 7332,
        "totalOtherIncomeExpenseNet": 67,
        "year": 2018
      },
      {
        "costOfGoodsSold": 2123,
        "depreciationAmortization": 1697,
        "dilutedAverageSharesOutstanding": 4.53,
        "dilutedEPS": -139.29,
        "ebit": 376,
        "grossIncome": 7440,
        "interestExpense": 738,
        "interestIncomeExpense": -601,
        "minorityInterest": -3,
        "netIncome": -631,
        "netIncomeAfterTaxes": -502,
        "nonRecurringItems": -281,
        "otherOperatingExpensesTotal": 416,
        "period": "2017-12-31",
        "pretaxIncome": -500,
        "provisionforIncomeTaxes": 2,
        "researchDevelopment": 20,
        "revenue": 9563,
        "sgaExpense": 4931,
        "totalOperatingExpense": 7064,
        "totalOtherIncomeExpenseNet": 6,
        "year": 2017
      },
      {
        "costOfGoodsSold": 2639,
        "depreciationAmortization": 1107,
        "dilutedAverageSharesOutstanding": 3.82,
        "dilutedEPS": -1286.65,
        "ebit": -1257,
        "grossIncome": 5233,
        "interestExpense": 451,
        "interestIncomeExpense": -433,
        "minorityInterest": 9,
        "netIncome": -4915,
        "netIncomeAfterTaxes": -4399,
        "nonRecurringItems": -2918,
        "otherOperatingExpensesTotal": 365,
        "period": "2016-12-31",
        "pretaxIncome": -4589,
        "provisionforIncomeTaxes": -190,
        "revenue": 7872,
        "sgaExpense": 5018,
        "totalOperatingExpense": 6490,
        "totalOtherIncomeExpenseNet": 19,
        "year": 2016
      },
      {
        "costOfGoodsSold": 3282,
        "depreciationAmortization": 2211,
        "dilutedAverageSharesOutstanding": 3.31,
        "dilutedEPS": -4488.22,
        "ebit": -94,
        "grossIncome": 9482,
        "interestExpense": 329,
        "interestIncomeExpense": -413,
        "minorityInterest": -50,
        "netIncome": -14856,
        "netIncomeAfterTaxes": -14635,
        "nonRecurringItems": -18599,
        "period": "2015-12-31",
        "pretaxIncome": -19098,
        "provisionforIncomeTaxes": -4463,
        "revenue": 12764,
        "sgaExpense": 7365,
        "totalOperatingExpense": 9576,
        "totalOtherIncomeExpenseNet": 8,
        "year": 2015
      }
    ],
    "symbol": "EXE"
  }
}