{
  "symbol": "DOC",
  "statement": "ic",
  "frequency": "quarterly",
  "timestamp": "2025-09-19T14:01:24.269106",
  "data": {
    "financials": [
      {
        "costOfGoodsSold": 276.181,
        "depreciationAmortization": 265.916,
        "dilutedAverageSharesOutstanding": 695.194,
        "dilutedEPS": 0.0454,
        "ebit": 127.988,
        "equityEarningsAffiliates": 1.747,
        "gainLossOnDispositionOfAssets": 1.636,
        "grossIncome": 418.167,
        "interestExpense": 75.063,
        "interestIncomeExpense": -75.063,
        "minorityInterest": -7.346,
        "netIncome": 31.558,
        "netIncomeAfterTaxes": 37.272,
        "nonRecurringItems": -14.134,
        "otherOperatingExpensesTotal": 3.499,
        "period": "2025-06-30",
        "pretaxIncome": 39.654,
        "provisionforIncomeTaxes": 2.382,
        "revenue": 694.348,
        "sgaExpense": 20.764,
        "totalOperatingExpense": 290.179,
        "totalOtherIncomeExpenseNet": -0.773
      },
      {
        "costOfGoodsSold": 273.143,
        "depreciationAmortization": 268.546,
        "dilutedAverageSharesOutstanding": 699.118,
        "dilutedEPS": 0.0606,
        "ebit": 138.644,
        "equityEarningsAffiliates": -2.147,
        "gainLossOnDispositionOfAssets": 0,
        "grossIncome": 429.746,
        "interestExpense": 72.693,
        "interestIncomeExpense": -72.693,
        "minorityInterest": -7.236,
        "netIncome": 42.364,
        "netIncomeAfterTaxes": 52.211,
        "nonRecurringItems": -9.76,
        "otherOperatingExpensesTotal": -3.562,
        "period": "2025-03-31",
        "pretaxIncome": 54.291,
        "provisionforIncomeTaxes": 2.08,
        "revenue": 702.889,
        "sgaExpense": 26.118,
        "totalOperatingExpense": 291.102,
        "totalOtherIncomeExpenseNet": -1.9
      },
      {
        "costOfGoodsSold": 277.026,
        "depreciationAmortization": 274.469,
        "dilutedAverageSharesOutstanding": 700.644,
        "dilutedEPS": 0.0063,
        "ebit": 110.932,
        "equityEarningsAffiliates": -0.108,
        "gainLossOnDispositionOfAssets": -8.929,
        "grossIncome": 420.962,
        "interestExpense": 70.508,
        "interestIncomeExpense": -70.508,
        "minorityInterest": -6.125,
        "netIncome": 4.399,
        "netIncomeAfterTaxes": 10.78,
        "nonRecurringItems": -35.832,
        "otherOperatingExpensesTotal": 11.632,
        "period": "2024-12-31",
        "pretaxIncome": -3.234,
        "provisionforIncomeTaxes": -14.014,
        "revenue": 697.988,
        "sgaExpense": 23.929,
        "totalOperatingExpense": 310.03,
        "totalOtherIncomeExpenseNet": 1.103
      },
      {
        "costOfGoodsSold": 277.554,
        "depreciationAmortization": 280.019,
        "dilutedAverageSharesOutstanding": 700.146,
        "dilutedEPS": 0.1224,
        "ebit": 119.608,
        "equityEarningsAffiliates": -3.834,
        "gainLossOnDispositionOfAssets": 62.325,
        "grossIncome": 422.843,
        "interestExpense": 74.105,
        "interestIncomeExpense": -74.105,
        "minorityInterest": -6.866,
        "netIncome": 85.675,
        "netIncomeAfterTaxes": 96.572,
        "nonRecurringItems": -12.092,
        "period": "2024-09-30",
        "pretaxIncome": 98.51,
        "provisionforIncomeTaxes": 1.938,
        "revenue": 700.397,
        "sgaExpense": 23.216,
        "totalOperatingExpense": 303.235,
        "totalOtherIncomeExpenseNet": 2.774
      },
      {
        "costOfGoodsSold": 270.458,
        "depreciationAmortization": 283.498,
        "dilutedAverageSharesOutstanding": 703.268,
        "dilutedEPS": 0.2074,
        "ebit": 114.83,
        "equityEarningsAffiliates": 0.051,
        "gainLossOnDispositionOfAssets": 122.044,
        "grossIncome": 425.046,
        "interestExpense": 74.91,
        "interestIncomeExpense": -74.91,
        "minorityInterest": -6.669,
        "netIncome": 145.833,
        "netIncomeAfterTaxes": 152.665,
        "nonRecurringItems": -9.371,
        "period": "2024-06-30",
        "pretaxIncome": 155.393,
        "provisionforIncomeTaxes": 2.728,
        "revenue": 695.504,
        "sgaExpense": 26.718,
        "totalOperatingExpense": 310.216,
        "totalOtherIncomeExpenseNet": 2.8
      },
      {
        "costOfGoodsSold": 140.9,
        "depreciationAmortization": 219.219,
        "dilutedAverageSharesOutstanding": 601.188,
        "dilutedEPS": 0.0108,
        "ebit": 223.142,
        "equityEarningsAffiliates": 2.376,
        "gainLossOnDispositionOfAssets": 3.255,
        "grossIncome": 465.66,
        "interestExpense": 60.907,
        "interestIncomeExpense": -60.907,
        "minorityInterest": -4.501,
        "netIncome": 6.477,
        "netIncomeAfterTaxes": 8.801,
        "nonRecurringItems": -221.507,
        "period": "2024-03-31",
        "pretaxIncome": 22.499,
        "provisionforIncomeTaxes": 13.698,
        "revenue": 606.56,
        "sgaExpense": 23.299,
        "totalOperatingExpense": 242.518,
        "totalOtherIncomeExpenseNet": 78.516
      },
      {
        "costOfGoodsSold": 213.559,
        "depreciationAmortization": 188.544,
        "dilutedAverageSharesOutstanding": 547.359,
        "dilutedEPS": 0.1293,
        "ebit": 129.993,
        "equityEarningsAffiliates": 3.558,
        "gainLossOnDispositionOfAssets": 0,
        "grossIncome": 340.093,
        "interestExpense": 52.784,
        "interestIncomeExpense": -52.784,
        "minorityInterest": -4.451,
        "netIncome": 70.787,
        "netIncomeAfterTaxes": 71.837,
        "nonRecurringItems": -16.391,
        "period": "2023-12-31",
        "pretaxIncome": 59.995,
        "provisionforIncomeTaxes": -11.842,
        "revenue": 553.652,
        "sgaExpense": 21.556,
        "totalOperatingExpense": 210.1,
        "totalOtherIncomeExpenseNet": -0.823
      },
      {
        "costOfGoodsSold": 232.7,
        "depreciationAmortization": 184.6,
        "dilutedAverageSharesOutstanding": 547.3,
        "dilutedEPS": 0.12,
        "ebit": 115.9,
        "equityEarningsAffiliates": 2.1,
        "gainLossOnDispositionOfAssets": 0,
        "grossIncome": 323.6,
        "interestExpense": 50.51,
        "interestIncomeExpense": -50.5,
        "minorityInterest": -4.4,
        "netIncome": 64,
        "netIncomeAfterTaxes": 66.6,
        "nonRecurringItems": 0.8,
        "period": "2023-09-30",
        "pretaxIncome": 67.3,
        "provisionforIncomeTaxes": 0.8,
        "revenue": 556.2,
        "sgaExpense": 23.1,
        "totalOperatingExpense": 207.6,
        "totalOtherIncomeExpenseNet": 1.1
      },
      {
        "costOfGoodsSold": 221.3,
        "depreciationAmortization": 197.6,
        "dilutedAverageSharesOutstanding": 547.3,
        "dilutedEPS": 0.09,
        "ebit": 100.6,
        "equityEarningsAffiliates": 2.7,
        "gainLossOnDispositionOfAssets": 4.9,
        "grossIncome": 324.2,
        "interestExpense": 49.074,
        "interestIncomeExpense": -49.1,
        "minorityInterest": -4.3,
        "netIncome": 51.8,
        "netIncomeAfterTaxes": 53.5,
        "nonRecurringItems": -3.2,
        "period": "2023-06-30",
        "pretaxIncome": 54.6,
        "provisionforIncomeTaxes": 1.1,
        "revenue": 545.4,
        "sgaExpense": 25.9,
        "totalOperatingExpense": 223.5,
        "totalOtherIncomeExpenseNet": 1.4
      },
      {
        "costOfGoodsSold": 220.7,
        "depreciationAmortization": 179.2,
        "dilutedAverageSharesOutstanding": 547.1,
        "dilutedEPS": 0.22,
        "ebit": 101.2,
        "equityEarningsAffiliates": 1.8,
        "gainLossOnDispositionOfAssets": 81.6,
        "grossIncome": 305,
        "interestExpense": 47.963,
        "interestIncomeExpense": -48,
        "minorityInterest": -15.6,
        "netIncome": 117.7,
        "netIncomeAfterTaxes": 132.7,
        "nonRecurringItems": -2.9,
        "period": "2023-03-31",
        "pretaxIncome": 133,
        "provisionforIncomeTaxes": 0.3,
        "revenue": 525.7,
        "sgaExpense": 24.5,
        "totalOperatingExpense": 203.8,
        "totalOtherIncomeExpenseNet": 1.1
      },
      {
        "costOfGoodsSold": 217.3,
        "depreciationAmortization": 179.2,
        "dilutedAverageSharesOutstanding": 537.9,
        "dilutedEPS": 0.01,
        "ebit": 102.9,
        "equityEarningsAffiliates": -0.2,
        "gainLossOnDispositionOfAssets": -1,
        "grossIncome": 307.2,
        "interestExpense": 49.413,
        "interestIncomeExpense": -49.4,
        "minorityInterest": -4.3,
        "netIncome": 6.4,
        "netIncomeAfterTaxes": 10.1,
        "nonRecurringItems": 268.9,
        "period": "2022-12-31",
        "pretaxIncome": 9.4,
        "provisionforIncomeTaxes": -0.7,
        "revenue": 524.5,
        "sgaExpense": 25.1,
        "totalOperatingExpense": 204.2,
        "totalOtherIncomeExpenseNet": -312
      },
      {
        "costOfGoodsSold": 219.5,
        "depreciationAmortization": 173.2,
        "dilutedAverageSharesOutstanding": 546,
        "dilutedEPS": 0.65,
        "ebit": 103.1,
        "equityEarningsAffiliates": -0.3,
        "gainLossOnDispositionOfAssets": -4.1,
        "grossIncome": 300.9,
        "interestExpense": 44.078,
        "interestIncomeExpense": -44.1,
        "minorityInterest": -4,
        "netIncome": 353.4,
        "netIncomeAfterTaxes": 359.6,
        "nonRecurringItems": -4.8,
        "period": "2022-09-30",
        "pretaxIncome": 355.8,
        "provisionforIncomeTaxes": -3.8,
        "revenue": 520.4,
        "sgaExpense": 24.5,
        "totalOperatingExpense": 197.8,
        "totalOtherIncomeExpenseNet": 305.7
      },
      {
        "costOfGoodsSold": 214.4,
        "depreciationAmortization": 180.5,
        "dilutedAverageSharesOutstanding": 557.3,
        "dilutedEPS": 0.12,
        "ebit": 98.2,
        "equityEarningsAffiliates": 0.4,
        "gainLossOnDispositionOfAssets": 10.3,
        "grossIncome": 303.5,
        "interestExpense": 41.867,
        "interestIncomeExpense": -41.9,
        "minorityInterest": -4,
        "netIncome": 68.4,
        "netIncomeAfterTaxes": 68.9,
        "nonRecurringItems": -1.3,
        "period": "2022-06-30",
        "pretaxIncome": 68.2,
        "provisionforIncomeTaxes": -0.7,
        "revenue": 517.9,
        "sgaExpense": 24.8,
        "totalOperatingExpense": 205.4,
        "totalOtherIncomeExpenseNet": 2.9
      },
      {
        "costOfGoodsSold": 207,
        "depreciationAmortization": 177.7,
        "dilutedAverageSharesOutstanding": 539.6,
        "dilutedEPS": 0.13,
        "ebit": 89.8,
        "equityEarningsAffiliates": 2.1,
        "gainLossOnDispositionOfAssets": 3.9,
        "grossIncome": 291.4,
        "interestExpense": 37.586,
        "interestIncomeExpense": -37.6,
        "minorityInterest": -3.7,
        "netIncome": 69.6,
        "netIncomeAfterTaxes": 72.9,
        "nonRecurringItems": -0.7,
        "period": "2022-03-31",
        "pretaxIncome": 73.7,
        "provisionforIncomeTaxes": 0.8,
        "revenue": 498.4,
        "sgaExpense": 23.8,
        "totalOperatingExpense": 201.5,
        "totalOtherIncomeExpenseNet": 18.3
      },
      {
        "costOfGoodsSold": 198.8,
        "depreciationAmortization": 178.1,
        "dilutedAverageSharesOutstanding": 539.5,
        "dilutedEPS": 0.05,
        "ebit": 80.2,
        "equityEarningsAffiliates": 1.6,
        "gainLossOnDispositionOfAssets": 0.7,
        "grossIncome": 284.4,
        "interestExpense": 36.551,
        "interestIncomeExpense": -36.6,
        "minorityInterest": -3.8,
        "netIncome": 28.5,
        "netIncomeAfterTaxes": 27.4,
        "nonRecurringItems": -19.5,
        "period": "2021-12-31",
        "pretaxIncome": 25.5,
        "provisionforIncomeTaxes": -1.9,
        "revenue": 483.2,
        "sgaExpense": 26,
        "totalOperatingExpense": 204.2,
        "totalOtherIncomeExpenseNet": 0.7
      },
      {
        "costOfGoodsSold": 200.9,
        "depreciationAmortization": 177.2,
        "dilutedAverageSharesOutstanding": 539.4,
        "dilutedEPS": 0.1,
        "ebit": 80.1,
        "equityEarningsAffiliates": 2.3,
        "gainLossOnDispositionOfAssets": 14.6,
        "grossIncome": 280.6,
        "interestExpense": 35.905,
        "interestIncomeExpense": -35.9,
        "minorityInterest": -7.2,
        "netIncome": 54.4,
        "netIncomeAfterTaxes": 59,
        "nonRecurringItems": -2.2,
        "period": "2021-09-30",
        "pretaxIncome": 58.3,
        "provisionforIncomeTaxes": -0.6,
        "revenue": 481.5,
        "sgaExpense": 23.3,
        "totalOperatingExpense": 200.4,
        "totalOtherIncomeExpenseNet": 1.7
      },
      {
        "costOfGoodsSold": 188.9,
        "depreciationAmortization": 171.5,
        "dilutedAverageSharesOutstanding": 544.7,
        "dilutedEPS": 0.5,
        "ebit": 91.8,
        "equityEarningsAffiliates": 0.9,
        "gainLossOnDispositionOfAssets": 175.2,
        "grossIncome": 287.4,
        "interestExpense": 38.681,
        "interestIncomeExpense": -38.7,
        "minorityInterest": -3.5,
        "netIncome": 276,
        "netIncomeAfterTaxes": 167.2,
        "nonRecurringItems": -63.7,
        "period": "2021-06-30",
        "pretaxIncome": 166.4,
        "provisionforIncomeTaxes": -0.8,
        "revenue": 476.2,
        "sgaExpense": 24.1,
        "totalOperatingExpense": 195.5,
        "totalOtherIncomeExpenseNet": 1.7
      },
      {
        "costOfGoodsSold": 177.6,
        "depreciationAmortization": 157.5,
        "dilutedAverageSharesOutstanding": 538.9,
        "dilutedEPS": 0.26,
        "ebit": 95.2,
        "equityEarningsAffiliates": 1.3,
        "gainLossOnDispositionOfAssets": 0,
        "grossIncome": 277.6,
        "interestExpense": 46.843,
        "interestIncomeExpense": -46.8,
        "minorityInterest": -3.3,
        "netIncome": 143.3,
        "netIncomeAfterTaxes": -121.9,
        "nonRecurringItems": -171.4,
        "period": "2021-03-31",
        "pretaxIncome": -121.9,
        "provisionforIncomeTaxes": 0,
        "revenue": 455.3,
        "sgaExpense": 24.9,
        "totalOperatingExpense": 182.5,
        "totalOtherIncomeExpenseNet": 1.2
      },
      {
        "costOfGoodsSold": 279.6,
        "depreciationAmortization": 147.2,
        "dilutedAverageSharesOutstanding": 528,
        "dilutedEPS": 0.27,
        "ebit": -17.6,
        "equityEarningsAffiliates": -19,
        "gainLossOnDispositionOfAssets": 4.7,
        "grossIncome": 152.1,
        "interestIncomeExpense": -54.1,
        "minorityInterest": -3.8,
        "netIncome": 146.1,
        "netIncomeAfterTaxes": -0.2,
        "nonRecurringItems": 51,
        "period": "2020-12-31",
        "pretaxIncome": -2.9,
        "provisionforIncomeTaxes": -2.6,
        "revenue": 431.7,
        "sgaExpense": 22.6,
        "totalOperatingExpense": 169.7,
        "totalOtherIncomeExpenseNet": 13.1
      },
      {
        "costOfGoodsSold": 180.9,
        "depreciationAmortization": 142,
        "dilutedAverageSharesOutstanding": 538.3,
        "dilutedEPS": -0.11,
        "ebit": 79,
        "equityEarningsAffiliates": -18.7,
        "gainLossOnDispositionOfAssets": 2.3,
        "grossIncome": 242.7,
        "interestExpense": 53.734,
        "interestIncomeExpense": -53.7,
        "minorityInterest": -3.6,
        "netIncome": -63.8,
        "netIncomeAfterTaxes": -9,
        "nonRecurringItems": -17.1,
        "period": "2020-09-30",
        "pretaxIncome": 14,
        "provisionforIncomeTaxes": 23,
        "revenue": 423.6,
        "sgaExpense": 21.7,
        "totalOperatingExpense": 163.6,
        "totalOtherIncomeExpenseNet": 3.5
      },
      {
        "costOfGoodsSold": 177.1,
        "depreciationAmortization": 139.7,
        "dilutedAverageSharesOutstanding": 538.5,
        "dilutedEPS": 0.1,
        "ebit": 68,
        "equityEarningsAffiliates": -17.7,
        "gainLossOnDispositionOfAssets": 81.3,
        "grossIncome": 231.4,
        "interestExpense": 54.823,
        "interestIncomeExpense": -54.8,
        "minorityInterest": -3.5,
        "netIncome": 51.1,
        "netIncomeAfterTaxes": 78.1,
        "nonRecurringItems": -31.2,
        "period": "2020-06-30",
        "pretaxIncome": 78.2,
        "provisionforIncomeTaxes": 0.1,
        "revenue": 408.6,
        "sgaExpense": 23.7,
        "totalOperatingExpense": 163.4,
        "totalOtherIncomeExpenseNet": 14.9
      },
      {
        "costOfGoodsSold": 145,
        "depreciationAmortization": 125.1,
        "dilutedAverageSharesOutstanding": 531,
        "dilutedEPS": 0.52,
        "ebit": 88.6,
        "equityEarningsAffiliates": -11.1,
        "gainLossOnDispositionOfAssets": 2.1,
        "grossIncome": 236.1,
        "interestExpense": 55.691,
        "interestIncomeExpense": -55.7,
        "minorityInterest": -3.5,
        "netIncome": 277.7,
        "netIncomeAfterTaxes": 158.3,
        "nonRecurringItems": 50.2,
        "period": "2020-03-31",
        "pretaxIncome": 128.4,
        "provisionforIncomeTaxes": -29.9,
        "revenue": 381.1,
        "sgaExpense": 22.3,
        "totalOperatingExpense": 147.4,
        "totalOtherIncomeExpenseNet": 43.2
      },
      {
        "costOfGoodsSold": -225.7,
        "depreciationAmortization": -34,
        "dilutedAverageSharesOutstanding": 506.6,
        "dilutedEPS": 0.08,
        "ebit": 12.9,
        "equityEarningsAffiliates": 3.7,
        "gainLossOnDispositionOfAssets": -18.7,
        "grossIncome": 0.4,
        "interestExpense": 50.113,
        "interestIncomeExpense": -50.1,
        "minorityInterest": -3.9,
        "netIncome": 43.2,
        "netIncomeAfterTaxes": 159.1,
        "nonRecurringItems": 235.6,
        "period": "2019-12-31",
        "pretaxIncome": 165.2,
        "provisionforIncomeTaxes": 6.1,
        "revenue": -225.4,
        "sgaExpense": 21.5,
        "totalOperatingExpense": -12.6,
        "totalOtherIncomeExpenseNet": -14.5
      },
      {
        "costOfGoodsSold": 248.1,
        "depreciationAmortization": 171.9,
        "dilutedAverageSharesOutstanding": 491.2,
        "dilutedEPS": -0.09,
        "ebit": 96.4,
        "equityEarningsAffiliates": -7.6,
        "gainLossOnDispositionOfAssets": -0.8,
        "grossIncome": 289.9,
        "interestExpense": 61.23,
        "interestIncomeExpense": -61.2,
        "minorityInterest": -3.6,
        "netIncome": -46.2,
        "netIncomeAfterTaxes": -34.7,
        "nonRecurringItems": -77.6,
        "period": "2019-09-30",
        "pretaxIncome": -40.9,
        "provisionforIncomeTaxes": -6.3,
        "revenue": 538,
        "sgaExpense": 21.6,
        "totalOperatingExpense": 193.5,
        "totalOtherIncomeExpenseNet": 2.3
      },
      {
        "costOfGoodsSold": 214,
        "depreciationAmortization": 165.3,
        "dilutedAverageSharesOutstanding": 478.7,
        "dilutedEPS": -0.03,
        "ebit": 88.9,
        "equityEarningsAffiliates": -1.5,
        "gainLossOnDispositionOfAssets": 11.4,
        "grossIncome": 277.6,
        "interestExpense": 56.942,
        "interestIncomeExpense": -56.9,
        "minorityInterest": -3.6,
        "netIncome": -14,
        "netIncomeAfterTaxes": -8.5,
        "nonRecurringItems": -57,
        "period": "2019-06-30",
        "pretaxIncome": -10.3,
        "provisionforIncomeTaxes": -1.9,
        "revenue": 491.6,
        "sgaExpense": 23.4,
        "totalOperatingExpense": 188.7,
        "totalOtherIncomeExpenseNet": 3.3
      },
      {
        "costOfGoodsSold": 168.9,
        "depreciationAmortization": 132,
        "dilutedAverageSharesOutstanding": 479.1,
        "dilutedEPS": 0.13,
        "ebit": 113.9,
        "equityEarningsAffiliates": -0.9,
        "gainLossOnDispositionOfAssets": 8,
        "grossIncome": 267.2,
        "interestExpense": 49.327,
        "interestIncomeExpense": -49.3,
        "minorityInterest": -3.5,
        "netIncome": 61,
        "netIncomeAfterTaxes": 65.9,
        "nonRecurringItems": -13.4,
        "period": "2019-03-31",
        "pretaxIncome": 62.4,
        "provisionforIncomeTaxes": -3.5,
        "revenue": 436.2,
        "sgaExpense": 21.4,
        "totalOperatingExpense": 153.3,
        "totalOtherIncomeExpenseNet": 3.1
      },
      {
        "costOfGoodsSold": -149,
        "depreciationAmortization": -14.1,
        "dilutedAverageSharesOutstanding": 502.2,
        "dilutedEPS": 1.65,
        "ebit": -71.3,
        "equityEarningsAffiliates": -5.3,
        "gainLossOnDispositionOfAssets": 669.2,
        "grossIncome": -64.5,
        "interestExpense": 49.654,
        "interestIncomeExpense": -49.7,
        "minorityInterest": -2.7,
        "netIncome": 830.2,
        "netIncomeAfterTaxes": 603.4,
        "nonRecurringItems": 65.2,
        "period": "2018-12-31",
        "pretaxIncome": 614,
        "provisionforIncomeTaxes": 10.5,
        "revenue": -213.5,
        "sgaExpense": 20.9,
        "totalOperatingExpense": 6.9,
        "totalOtherIncomeExpenseNet": 0.6
      },
      {
        "costOfGoodsSold": 181.2,
        "depreciationAmortization": 132.2,
        "dilutedAverageSharesOutstanding": 470.1,
        "dilutedEPS": 0.21,
        "ebit": 123.7,
        "equityEarningsAffiliates": -0.9,
        "gainLossOnDispositionOfAssets": 95.3,
        "grossIncome": 274.8,
        "interestExpense": 63.486,
        "interestIncomeExpense": -63.5,
        "minorityInterest": -3.6,
        "netIncome": 98.9,
        "netIncomeAfterTaxes": 103.8,
        "nonRecurringItems": -57.7,
        "period": "2018-09-30",
        "pretaxIncome": 98.9,
        "provisionforIncomeTaxes": -4.9,
        "revenue": 456,
        "sgaExpense": 18.9,
        "totalOperatingExpense": 151.1,
        "totalOtherIncomeExpenseNet": 1.1
      },
      {
        "costOfGoodsSold": 173.9,
        "depreciationAmortization": 143.3,
        "dilutedAverageSharesOutstanding": 469.9,
        "dilutedEPS": 0.19,
        "ebit": 129.9,
        "equityEarningsAffiliates": -0.1,
        "gainLossOnDispositionOfAssets": 46.1,
        "grossIncome": 295.7,
        "interestExpense": 73.038,
        "interestIncomeExpense": -73,
        "minorityInterest": -3,
        "netIncome": 89.5,
        "netIncomeAfterTaxes": 93,
        "nonRecurringItems": -16.5,
        "period": "2018-06-30",
        "pretaxIncome": 88.4,
        "provisionforIncomeTaxes": -4.7,
        "revenue": 469.6,
        "sgaExpense": 22.5,
        "totalOperatingExpense": 165.8,
        "totalOtherIncomeExpenseNet": 2
      },
      {
        "costOfGoodsSold": 172.6,
        "depreciationAmortization": 143.3,
        "dilutedAverageSharesOutstanding": 469.7,
        "dilutedEPS": 0.08,
        "ebit": 143,
        "equityEarningsAffiliates": 0.6,
        "gainLossOnDispositionOfAssets": 20.8,
        "grossIncome": 306.6,
        "interestExpense": 75.102,
        "interestIncomeExpense": -75.1,
        "minorityInterest": -3,
        "netIncome": 39.8,
        "netIncomeAfterTaxes": 42.7,
        "nonRecurringItems": -52.4,
        "period": "2018-03-31",
        "pretaxIncome": 37.3,
        "provisionforIncomeTaxes": -5.3,
        "revenue": 479.2,
        "sgaExpense": 20.4,
        "totalOperatingExpense": 163.6,
        "totalOtherIncomeExpenseNet": 1
      },
      {
        "costOfGoodsSold": 198.7,
        "depreciationAmortization": 136.8,
        "dilutedAverageSharesOutstanding": 469.1,
        "dilutedEPS": -0.12,
        "ebit": 87.4,
        "equityEarningsAffiliates": 6.3,
        "gainLossOnDispositionOfAssets": 33.8,
        "grossIncome": 244.6,
        "interestExpense": 71.882,
        "interestIncomeExpense": -71.9,
        "minorityInterest": -0.8,
        "netIncome": -59.3,
        "netIncomeAfterTaxes": -47.2,
        "nonRecurringItems": -99.1,
        "period": "2017-12-31",
        "pretaxIncome": -51,
        "provisionforIncomeTaxes": -3.7,
        "revenue": 443.3,
        "sgaExpense": 20.4,
        "totalOperatingExpense": 157.2,
        "totalOtherIncomeExpenseNet": -1.2
      },
      {
        "costOfGoodsSold": 155.3,
        "depreciationAmortization": 130.6,
        "dilutedAverageSharesOutstanding": 469,
        "dilutedEPS": -0.02,
        "ebit": 148.4,
        "equityEarningsAffiliates": 1.1,
        "gainLossOnDispositionOfAssets": 5.2,
        "grossIncome": 298.7,
        "interestExpense": 71.328,
        "interestIncomeExpense": -71.3,
        "minorityInterest": -1.9,
        "netIncome": -7.8,
        "netIncomeAfterTaxes": -6.8,
        "nonRecurringItems": -86.3,
        "period": "2017-09-30",
        "pretaxIncome": -12.3,
        "provisionforIncomeTaxes": -5.5,
        "revenue": 454,
        "sgaExpense": 19.6,
        "totalOperatingExpense": 150.3,
        "totalOtherIncomeExpenseNet": -8.3
      },
      {
        "costOfGoodsSold": 153.2,
        "depreciationAmortization": 130.8,
        "dilutedAverageSharesOutstanding": 471.9,
        "dilutedEPS": 0.05,
        "ebit": 153.7,
        "equityEarningsAffiliates": 0.2,
        "gainLossOnDispositionOfAssets": 0.4,
        "grossIncome": 305.8,
        "interestExpense": 77.788,
        "interestIncomeExpense": -77.8,
        "minorityInterest": -2.7,
        "netIncome": 19.5,
        "netIncomeAfterTaxes": 21.9,
        "nonRecurringItems": -60.9,
        "period": "2017-06-30",
        "pretaxIncome": 18.9,
        "provisionforIncomeTaxes": -3,
        "revenue": 458.9,
        "sgaExpense": 21.3,
        "totalOperatingExpense": 152,
        "totalOtherIncomeExpenseNet": 3.4
      },
      {
        "costOfGoodsSold": 159.1,
        "depreciationAmortization": 136.6,
        "dilutedAverageSharesOutstanding": 471.1,
        "dilutedEPS": 0.98,
        "ebit": 174.1,
        "equityEarningsAffiliates": 3.3,
        "gainLossOnDispositionOfAssets": 317.3,
        "grossIncome": 333.1,
        "interestExpense": 86.718,
        "interestIncomeExpense": -86.7,
        "minorityInterest": -3,
        "netIncome": 460.6,
        "netIncomeAfterTaxes": 460.9,
        "nonRecurringItems": -2.9,
        "period": "2017-03-31",
        "pretaxIncome": 454.7,
        "provisionforIncomeTaxes": -6.2,
        "revenue": 492.2,
        "sgaExpense": 22.5,
        "totalOperatingExpense": 159,
        "totalOtherIncomeExpenseNet": 53
      },
      {
        "costOfGoodsSold": 192.6,
        "depreciationAmortization": 142.5,
        "dilutedAverageSharesOutstanding": 468,
        "dilutedEPS": 0.12,
        "ebit": -183.4,
        "equityEarningsAffiliates": 15.4,
        "gainLossOnDispositionOfAssets": 45.1,
        "grossIncome": -20.3,
        "interestExpense": 103.148,
        "interestIncomeExpense": -103.1,
        "minorityInterest": -2.6,
        "netIncome": 58.4,
        "netIncomeAfterTaxes": -219.8,
        "nonRecurringItems": -21.3,
        "period": "2016-12-31",
        "pretaxIncome": -264.2,
        "provisionforIncomeTaxes": -44.3,
        "revenue": 172.2,
        "sgaExpense": 20.5,
        "totalOperatingExpense": 163,
        "totalOtherIncomeExpenseNet": -1.5
      },
      {
        "costOfGoodsSold": 187.7,
        "depreciationAmortization": 141.4,
        "dilutedAverageSharesOutstanding": 467.8,
        "dilutedEPS": 0.32,
        "ebit": 166.7,
        "equityEarningsAffiliates": -2.1,
        "gainLossOnDispositionOfAssets": 0,
        "grossIncome": 342.8,
        "interestExpense": 117.86,
        "interestIncomeExpense": -117.9,
        "minorityInterest": -2.8,
        "netIncome": 150.9,
        "netIncomeAfterTaxes": 47.9,
        "nonRecurringItems": -2.8,
        "period": "2016-09-30",
        "pretaxIncome": 47.5,
        "provisionforIncomeTaxes": -0.4,
        "revenue": 530.6,
        "sgaExpense": 34.8,
        "totalOperatingExpense": 176.2,
        "totalOtherIncomeExpenseNet": 1.4
      },
      {
        "costOfGoodsSold": 179.1,
        "depreciationAmortization": 139.9,
        "dilutedAverageSharesOutstanding": 471.4,
        "dilutedEPS": 0.63,
        "ebit": 196.5,
        "equityEarningsAffiliates": -1.1,
        "gainLossOnDispositionOfAssets": 119.6,
        "grossIncome": 359.3,
        "interestExpense": 121.333,
        "interestIncomeExpense": -121.3,
        "minorityInterest": -3.1,
        "netIncome": 301.4,
        "netIncomeAfterTaxes": 198.5,
        "nonRecurringItems": -0.8,
        "period": "2016-06-30",
        "pretaxIncome": 196.4,
        "provisionforIncomeTaxes": -2.2,
        "revenue": 538.3,
        "sgaExpense": 22.8,
        "totalOperatingExpense": 162.7,
        "totalOtherIncomeExpenseNet": 2.3
      },
      {
        "costOfGoodsSold": 176,
        "depreciationAmortization": 139.9,
        "dilutedAverageSharesOutstanding": 469.1,
        "dilutedEPS": 0.24,
        "ebit": 179.2,
        "equityEarningsAffiliates": -0.9,
        "gainLossOnDispositionOfAssets": 0,
        "grossIncome": 344.5,
        "interestExpense": 122.062,
        "interestIncomeExpense": -122.1,
        "minorityInterest": -3.6,
        "netIncome": 115.8,
        "netIncomeAfterTaxes": 52.2,
        "nonRecurringItems": -2.5,
        "period": "2016-03-31",
        "pretaxIncome": 55.9,
        "provisionforIncomeTaxes": 3.7,
        "revenue": 520.5,
        "sgaExpense": 25.5,
        "totalOperatingExpense": 165.2,
        "totalOtherIncomeExpenseNet": 1.3
      },
      {
        "costOfGoodsSold": 168.8,
        "depreciationAmortization": 135.3,
        "dilutedAverageSharesOutstanding": 465.1,
        "dilutedEPS": -1.28,
        "ebit": -260.3,
        "equityEarningsAffiliates": -0.1,
        "gainLossOnDispositionOfAssets": 0,
        "grossIncome": -103.2,
        "interestExpense": 122.027,
        "interestIncomeExpense": -122,
        "minorityInterest": -4.3,
        "netIncome": -599.2,
        "netIncomeAfterTaxes": 104.6,
        "nonRecurringItems": 480.6,
        "period": "2015-12-31",
        "pretaxIncome": 101.4,
        "provisionforIncomeTaxes": -3.2,
        "revenue": 65.6,
        "sgaExpense": 21.8,
        "totalOperatingExpense": 157.1,
        "totalOtherIncomeExpenseNet": 3.1
      },
      {
        "costOfGoodsSold": 173.5,
        "depreciationAmortization": 134.7,
        "dilutedAverageSharesOutstanding": 463.6,
        "dilutedEPS": 0.25,
        "ebit": 328.8,
        "equityEarningsAffiliates": -18.9,
        "gainLossOnDispositionOfAssets": 0.1,
        "grossIncome": 484,
        "interestExpense": 122.157,
        "interestIncomeExpense": -122.2,
        "minorityInterest": -2.6,
        "netIncome": 115,
        "netIncomeAfterTaxes": 136.9,
        "nonRecurringItems": -71.2,
        "period": "2015-09-30",
        "pretaxIncome": 134.9,
        "provisionforIncomeTaxes": -2,
        "revenue": 657.5,
        "sgaExpense": 20.5,
        "totalOperatingExpense": 155.2,
        "totalOtherIncomeExpenseNet": -0.6
      }
    ],
    "symbol": "DOC"
  }
}