{
  "symbol": "MAA",
  "statement": "ic",
  "frequency": "annual",
  "timestamp": "2025-09-19T14:04:05.404837",
  "data": {
    "financials": [
      {
        "costOfGoodsSold": 892.132,
        "depreciationAmortization": 585.616,
        "dilutedAverageSharesOutstanding": 116.776,
        "dilutedEPS": 4.4853,
        "ebit": 656.751,
        "equityEarningsAffiliates": 1.951,
        "gainLossOnDispositionOfAssets": 55.003,
        "grossIncome": 1298.883,
        "interestExpense": 168.544,
        "interestIncomeExpense": -181.217,
        "minorityInterest": -14.033,
        "netIncome": 523.78,
        "netIncomeAfterTaxes": 539.625,
        "nonRecurringItems": 11.128,
        "period": "2024-12-31",
        "pretaxIncome": 544.865,
        "provisionforIncomeTaxes": 5.24,
        "revenue": 2191.015,
        "sgaExpense": 56.516,
        "totalOperatingExpense": 642.132,
        "totalOtherIncomeExpenseNet": 3.2,
        "year": 2024
      },
      {
        "costOfGoodsSold": 835.925,
        "depreciationAmortization": 565.063,
        "dilutedAverageSharesOutstanding": 116.645,
        "dilutedEPS": 4.7076,
        "ebit": 688.902,
        "equityEarningsAffiliates": 1.73,
        "gainLossOnDispositionOfAssets": -0.008,
        "grossIncome": 1312.543,
        "interestExpense": 149.234,
        "interestIncomeExpense": -123.775,
        "minorityInterest": -15.025,
        "netIncome": 548.894,
        "netIncomeAfterTaxes": 566.101,
        "nonRecurringItems": 3.531,
        "period": "2023-12-31",
        "pretaxIncome": 570.845,
        "provisionforIncomeTaxes": 4.744,
        "revenue": 2148.468,
        "sgaExpense": 58.578,
        "totalOperatingExpense": 623.641,
        "totalOtherIncomeExpenseNet": 2.195,
        "year": 2023
      },
      {
        "costOfGoodsSold": 789.2,
        "depreciationAmortization": 543,
        "dilutedAverageSharesOutstanding": 115.6,
        "dilutedEPS": 5.48,
        "ebit": 628.9,
        "equityEarningsAffiliates": 1.6,
        "gainLossOnDispositionOfAssets": 215.6,
        "grossIncome": 1230.7,
        "interestExpense": 154.747,
        "interestIncomeExpense": -211.7,
        "minorityInterest": -17.3,
        "netIncome": 633.3,
        "netIncomeAfterTaxes": 653.2,
        "nonRecurringItems": 20.8,
        "period": "2022-12-31",
        "pretaxIncome": 647,
        "provisionforIncomeTaxes": -6.2,
        "revenue": 2019.9,
        "sgaExpense": 58.8,
        "totalOperatingExpense": 601.8,
        "totalOtherIncomeExpenseNet": -6.6,
        "year": 2022
      },
      {
        "costOfGoodsSold": 726.9,
        "depreciationAmortization": 533.4,
        "dilutedAverageSharesOutstanding": 115,
        "dilutedEPS": 4.61,
        "ebit": 464.8,
        "equityEarningsAffiliates": 1.2,
        "gainLossOnDispositionOfAssets": 221.2,
        "grossIncome": 1051.2,
        "interestExpense": 156.881,
        "interestIncomeExpense": -120.6,
        "minorityInterest": -16.9,
        "netIncome": 529.6,
        "netIncomeAfterTaxes": 549.5,
        "nonRecurringItems": -14,
        "period": "2021-12-31",
        "pretaxIncome": 563.1,
        "provisionforIncomeTaxes": 13.6,
        "revenue": 1778.1,
        "sgaExpense": 52.9,
        "totalOperatingExpense": 586.4,
        "totalOtherIncomeExpenseNet": 11.6,
        "year": 2021
      },
      {
        "costOfGoodsSold": 692.8,
        "depreciationAmortization": 510.8,
        "dilutedAverageSharesOutstanding": 114.5,
        "dilutedEPS": 2.19,
        "ebit": 427.5,
        "equityEarningsAffiliates": 1.5,
        "gainLossOnDispositionOfAssets": 1,
        "grossIncome": 985.2,
        "interestExpense": 167.562,
        "interestIncomeExpense": -160.2,
        "minorityInterest": -9.1,
        "netIncome": 250.9,
        "netIncomeAfterTaxes": 262.5,
        "nonRecurringItems": -4.3,
        "period": "2020-12-31",
        "pretaxIncome": 265.8,
        "provisionforIncomeTaxes": 3.3,
        "revenue": 1678,
        "sgaExpense": 46.9,
        "totalOperatingExpense": 557.7,
        "totalOtherIncomeExpenseNet": 1.9,
        "year": 2020
      },
      {
        "costOfGoodsSold": 667.9,
        "depreciationAmortization": 496.8,
        "dilutedAverageSharesOutstanding": 118.2,
        "dilutedEPS": 2.96,
        "ebit": 430.2,
        "equityEarningsAffiliates": 1.7,
        "gainLossOnDispositionOfAssets": 93,
        "grossIncome": 973.2,
        "interestExpense": 179.847,
        "interestIncomeExpense": -162,
        "minorityInterest": -12.8,
        "netIncome": 349.6,
        "netIncomeAfterTaxes": 365,
        "nonRecurringItems": 0,
        "period": "2019-12-31",
        "pretaxIncome": 368.7,
        "provisionforIncomeTaxes": 3.7,
        "revenue": 1641,
        "sgaExpense": 46.1,
        "totalOperatingExpense": 542.9,
        "totalOtherIncomeExpenseNet": 7.4,
        "year": 2019
      },
      {
        "costOfGoodsSold": 642.2,
        "depreciationAmortization": 489.8,
        "dilutedAverageSharesOutstanding": 113.8,
        "dilutedEPS": 1.93,
        "ebit": 404.6,
        "equityEarningsAffiliates": 1.8,
        "gainLossOnDispositionOfAssets": 4.5,
        "grossIncome": 929.1,
        "interestExpense": 173.594,
        "interestIncomeExpense": -176.2,
        "minorityInterest": -8.1,
        "netIncome": 218.9,
        "netIncomeAfterTaxes": 229.2,
        "nonRecurringItems": -9.1,
        "period": "2018-12-31",
        "pretaxIncome": 231.8,
        "provisionforIncomeTaxes": 2.6,
        "revenue": 1571.3,
        "sgaExpense": 34.8,
        "totalOperatingExpense": 524.6,
        "totalOtherIncomeExpenseNet": 8,
        "year": 2018
      },
      {
        "costOfGoodsSold": 620.3,
        "depreciationAmortization": 493.7,
        "dilutedAverageSharesOutstanding": 113.7,
        "dilutedEPS": 2.85,
        "ebit": 374.8,
        "equityEarningsAffiliates": 1.4,
        "gainLossOnDispositionOfAssets": 127.4,
        "grossIncome": 908.7,
        "interestExpense": 154.751,
        "interestIncomeExpense": -154.8,
        "minorityInterest": -12.2,
        "netIncome": 324.2,
        "netIncomeAfterTaxes": 339.2,
        "nonRecurringItems": -20,
        "period": "2017-12-31",
        "pretaxIncome": 341.8,
        "provisionforIncomeTaxes": 2.6,
        "revenue": 1529,
        "sgaExpense": 40.2,
        "totalOperatingExpense": 533.9,
        "totalOtherIncomeExpenseNet": 14.4,
        "year": 2017
      },
      {
        "costOfGoodsSold": 350.7,
        "depreciationAmortization": 323,
        "dilutedAverageSharesOutstanding": 78.8,
        "dilutedEPS": 2.68,
        "ebit": 315.9,
        "equityEarningsAffiliates": 0.2,
        "gainLossOnDispositionOfAssets": 82.6,
        "grossIncome": 774.6,
        "interestExpense": 129.947,
        "interestIncomeExpense": -129.2,
        "minorityInterest": -12.2,
        "netIncome": 211.3,
        "netIncomeAfterTaxes": 224.2,
        "nonRecurringItems": -43.8,
        "period": "2016-12-31",
        "pretaxIncome": 225.9,
        "provisionforIncomeTaxes": 1.7,
        "revenue": 1125.3,
        "sgaExpense": 135.8,
        "totalOperatingExpense": 458.8,
        "totalOtherIncomeExpenseNet": 0.4,
        "year": 2016
      },
      {
        "costOfGoodsSold": 328.6,
        "depreciationAmortization": 294.5,
        "dilutedAverageSharesOutstanding": 75.2,
        "dilutedEPS": 4.41,
        "ebit": 290.9,
        "equityEarningsAffiliates": 0,
        "gainLossOnDispositionOfAssets": 190.1,
        "grossIncome": 714.1,
        "interestExpense": 122.344,
        "interestIncomeExpense": -122.7,
        "minorityInterest": -18.5,
        "netIncome": 331.5,
        "netIncomeAfterTaxes": 350.7,
        "nonRecurringItems": -6.4,
        "period": "2015-12-31",
        "pretaxIncome": 352.4,
        "provisionforIncomeTaxes": 1.7,
        "revenue": 1042.8,
        "sgaExpense": 128.7,
        "totalOperatingExpense": 423.3,
        "totalOtherIncomeExpenseNet": 0.5,
        "year": 2015
      }
    ],
    "symbol": "MAA"
  }
}