{
  "symbol": "ETR",
  "statement": "ic",
  "frequency": "annual",
  "timestamp": "2025-09-19T13:59:47.549720",
  "data": {
    "financials": [
      {
        "costOfGoodsSold": 986.255,
        "depreciationAmortization": 2013.168,
        "dilutedAverageSharesOutstanding": 431.5817,
        "dilutedEPS": 2.4459,
        "ebit": 2758.224,
        "grossIncome": 10893.398,
        "interestExpense": 1150.82,
        "interestIncomeExpense": -851.955,
        "netIncome": 1055.59,
        "netIncomeAfterTaxes": 1061.184,
        "nonRecurringItems": -107.134,
        "operationsMaintenance": 2898.237,
        "otherOperatingExpensesTotal": 966.895,
        "otherRevenue": 73.851,
        "period": "2024-12-31",
        "pretaxIncome": 1442.211,
        "provisionforIncomeTaxes": 381.027,
        "purchasedFuelPowerGas": 2256.874,
        "revenue": 11879.653,
        "totalOperatingExpense": 8135.174,
        "totalOtherIncomeExpenseNet": -356.924,
        "year": 2024
      },
      {
        "costOfGoodsSold": 1118.183,
        "depreciationAmortization": 1845.003,
        "dilutedAverageSharesOutstanding": 424.753,
        "dilutedEPS": 5.54,
        "ebit": 2660.654,
        "grossIncome": 11029.229,
        "interestExpense": 1006.406,
        "interestIncomeExpense": -843.68,
        "netIncome": 2356.536,
        "netIncomeAfterTaxes": 2362.31,
        "nonRecurringItems": -42.679,
        "operationsMaintenance": 2898.213,
        "otherOperatingExpensesTotal": 823.779,
        "otherRevenue": 124.468,
        "period": "2023-12-31",
        "pretaxIncome": 1671.775,
        "provisionforIncomeTaxes": -690.535,
        "purchasedFuelPowerGas": 2801.58,
        "revenue": 12147.412,
        "totalOperatingExpense": 8368.575,
        "totalOtherIncomeExpenseNet": -102.52,
        "year": 2023
      },
      {
        "costOfGoodsSold": 1717.576,
        "depreciationAmortization": 1761.023,
        "dilutedAverageSharesOutstanding": 411.0952,
        "dilutedEPS": 2.68,
        "ebit": 1887.311,
        "grossIncome": 12046.661,
        "interestExpense": 912.237,
        "interestIncomeExpense": -987.818,
        "netIncome": 1103.166,
        "netIncomeAfterTaxes": 1097.138,
        "nonRecurringItems": 163.464,
        "operationsMaintenance": 3038.459,
        "otherOperatingExpensesTotal": 1627.017,
        "otherRevenue": 343.472,
        "period": "2022-12-31",
        "pretaxIncome": 1058.16,
        "provisionforIncomeTaxes": -38.978,
        "purchasedFuelPowerGas": 3732.851,
        "revenue": 13764.237,
        "totalOperatingExpense": 10159.35,
        "totalOtherIncomeExpenseNet": -4.797,
        "year": 2022
      },
      {
        "costOfGoodsSold": 1444.313,
        "depreciationAmortization": 1684.286,
        "dilutedAverageSharesOutstanding": 403.7461,
        "dilutedEPS": 2.77,
        "ebit": 2109.251,
        "grossIncome": 10298.583,
        "interestExpense": 834.694,
        "interestIncomeExpense": -404.228,
        "netIncome": 1118.492,
        "netIncomeAfterTaxes": 1118.719,
        "nonRecurringItems": -263.625,
        "operationsMaintenance": 2968.621,
        "otherOperatingExpensesTotal": 1078.329,
        "otherRevenue": 698.291,
        "period": "2021-12-31",
        "pretaxIncome": 1310.093,
        "provisionforIncomeTaxes": 191.374,
        "purchasedFuelPowerGas": 2458.096,
        "revenue": 11742.896,
        "totalOperatingExpense": 8189.332,
        "totalOtherIncomeExpenseNet": -131.305,
        "year": 2021
      },
      {
        "costOfGoodsSold": 1088.425,
        "depreciationAmortization": 1613.086,
        "dilutedAverageSharesOutstanding": 402.2044,
        "dilutedEPS": 3.45,
        "ebit": 1828.418,
        "grossIncome": 9025.211,
        "interestExpense": 785.663,
        "interestIncomeExpense": -392.845,
        "netIncome": 1388.334,
        "netIncomeAfterTaxes": 1406.653,
        "nonRecurringItems": -59.223,
        "operationsMaintenance": 3002.626,
        "otherOperatingExpensesTotal": 1016.71,
        "otherRevenue": 942.985,
        "period": "2020-12-31",
        "pretaxIncome": 1285.147,
        "provisionforIncomeTaxes": -121.506,
        "purchasedFuelPowerGas": 1564.371,
        "revenue": 10113.636,
        "totalOperatingExpense": 7196.793,
        "totalOtherIncomeExpenseNet": -91.203,
        "year": 2020
      },
      {
        "costOfGoodsSold": 1397.787,
        "depreciationAmortization": 1480.016,
        "dilutedAverageSharesOutstanding": 393.9986,
        "dilutedEPS": 3.15,
        "ebit": 1680.524,
        "grossIncome": 9480.886,
        "interestExpense": 742.425,
        "interestIncomeExpense": -194.513,
        "netIncome": 1241.226,
        "netIncomeAfterTaxes": 1258.244,
        "nonRecurringItems": -290.027,
        "operationsMaintenance": 3272.381,
        "otherOperatingExpensesTotal": 1018.327,
        "otherRevenue": 1294.741,
        "period": "2019-12-31",
        "pretaxIncome": 1088.419,
        "provisionforIncomeTaxes": -169.825,
        "purchasedFuelPowerGas": 2029.638,
        "revenue": 10878.673,
        "totalOperatingExpense": 7800.362,
        "totalOtherIncomeExpenseNet": -107.565,
        "year": 2019
      },
      {
        "costOfGoodsSold": 1812.625,
        "depreciationAmortization": 1369.442,
        "dilutedAverageSharesOutstanding": 366.757,
        "dilutedEPS": 2.31,
        "ebit": 1001.686,
        "grossIncome": 9196.827,
        "interestExpense": 707.348,
        "interestIncomeExpense": -643.484,
        "netIncome": 848.661,
        "netIncomeAfterTaxes": 862.555,
        "nonRecurringItems": -532.321,
        "operationsMaintenance": 3346.397,
        "otherOperatingExpensesTotal": 1331.509,
        "otherRevenue": 1468.905,
        "period": "2018-12-31",
        "pretaxIncome": -174.271,
        "provisionforIncomeTaxes": -1036.826,
        "purchasedFuelPowerGas": 2147.793,
        "revenue": 11009.452,
        "totalOperatingExpense": 8195.141,
        "totalOtherIncomeExpenseNet": -0.152,
        "year": 2018
      },
      {
        "costOfGoodsSold": 1596.101,
        "depreciationAmortization": 1389.978,
        "dilutedAverageSharesOutstanding": 361.0718,
        "dilutedEPS": 1.13,
        "ebit": 1898.779,
        "grossIncome": 9478.38,
        "interestExpense": 662.343,
        "interestIncomeExpense": -374.146,
        "netIncome": 411.612,
        "netIncomeAfterTaxes": 985.763,
        "nonRecurringItems": -538.372,
        "operationsMaintenance": 3306.694,
        "otherOperatingExpensesTotal": 891.34,
        "otherRevenue": 1656.73,
        "period": "2017-12-31",
        "pretaxIncome": 967.923,
        "provisionforIncomeTaxes": -17.84,
        "purchasedFuelPowerGas": 1991.589,
        "revenue": 11074.481,
        "totalOperatingExpense": 7579.601,
        "totalOtherIncomeExpenseNet": -18.338,
        "year": 2017
      },
      {
        "costOfGoodsSold": 1429.205,
        "depreciationAmortization": 1347.187,
        "dilutedAverageSharesOutstanding": 357.7713,
        "dilutedEPS": -1.63,
        "ebit": 2020.406,
        "grossIncome": 9416.44,
        "interestExpense": 666.37,
        "interestIncomeExpense": -521.243,
        "netIncome": -583.618,
        "netIncomeAfterTaxes": -564.503,
        "nonRecurringItems": -2835.637,
        "operationsMaintenance": 3225.477,
        "otherOperatingExpensesTotal": 1014.17,
        "otherRevenue": 1849.638,
        "period": "2016-12-31",
        "pretaxIncome": -1381.762,
        "provisionforIncomeTaxes": -817.259,
        "purchasedFuelPowerGas": 1809.2,
        "revenue": 10845.645,
        "totalOperatingExpense": 7396.034,
        "totalOtherIncomeExpenseNet": -45.288,
        "year": 2016
      },
      {
        "costOfGoodsSold": 1642.121,
        "depreciationAmortization": 1337.276,
        "dilutedAverageSharesOutstanding": 358.3527,
        "dilutedEPS": -0.49,
        "ebit": 1651.704,
        "grossIncome": 9871.13,
        "interestExpense": 643.469,
        "interestIncomeExpense": -456.407,
        "netIncome": -176.562,
        "netIncomeAfterTaxes": -156.734,
        "nonRecurringItems": -1950.869,
        "operationsMaintenance": 3354.981,
        "otherOperatingExpensesTotal": 1074.998,
        "otherRevenue": 2061.827,
        "period": "2015-12-31",
        "pretaxIncome": -799.661,
        "provisionforIncomeTaxes": -642.927,
        "purchasedFuelPowerGas": 2452.171,
        "revenue": 11513.251,
        "totalOperatingExpense": 8219.426,
        "totalOtherIncomeExpenseNet": -44.089,
        "year": 2015
      }
    ],
    "symbol": "ETR"
  }
}