{
  "symbol": "ZBH",
  "statement": "ic",
  "frequency": "annual",
  "timestamp": "2025-09-19T14:09:09.216528",
  "data": {
    "financials": [
      {
        "costOfGoodsSold": 2191.2,
        "depreciationAmortization": 591.9,
        "dilutedAverageSharesOutstanding": 203.9,
        "dilutedEPS": 4.4326,
        "ebit": 1558.8,
        "grossIncome": 5487.4,
        "interestExpense": 218,
        "interestIncomeExpense": -218,
        "minorityInterest": -1.5,
        "netIncome": 903.8,
        "netIncomeAfterTaxes": 905.2,
        "nonRecurringItems": -273.1,
        "period": "2024-12-31",
        "pretaxIncome": 1036.6,
        "provisionforIncomeTaxes": 131.4,
        "researchDevelopment": 437.4,
        "revenue": 7678.6,
        "sgaExpense": 2899.3,
        "totalOperatingExpense": 3928.6,
        "totalOtherIncomeExpenseNet": -31.1,
        "year": 2024
      },
      {
        "costOfGoodsSold": 2083.8,
        "depreciationAmortization": 561.5,
        "dilutedAverageSharesOutstanding": 209.7,
        "dilutedEPS": 4.8832,
        "ebit": 1472.9,
        "grossIncome": 5310.4,
        "interestExpense": 201.2,
        "interestIncomeExpense": -201.2,
        "minorityInterest": -1.1,
        "netIncome": 1024,
        "netIncomeAfterTaxes": 1025.1,
        "nonRecurringItems": -195.2,
        "period": "2023-12-31",
        "pretaxIncome": 1067.3,
        "provisionforIncomeTaxes": 42.2,
        "researchDevelopment": 458.7,
        "revenue": 7394.2,
        "sgaExpense": 2817.3,
        "totalOperatingExpense": 3837.5,
        "totalOtherIncomeExpenseNet": -9.2,
        "year": 2023
      },
      {
        "costOfGoodsSold": 2019.5,
        "depreciationAmortization": 526.8,
        "dilutedAverageSharesOutstanding": 210.3,
        "dilutedEPS": 1.1,
        "ebit": 1225.9,
        "grossIncome": 4920.4,
        "interestExpense": 164.8,
        "interestIncomeExpense": -164.8,
        "minorityInterest": -1,
        "netIncome": 231.4,
        "netIncomeAfterTaxes": 291.2,
        "nonRecurringItems": -529.6,
        "period": "2022-12-31",
        "pretaxIncome": 403.5,
        "provisionforIncomeTaxes": 112.3,
        "researchDevelopment": 406,
        "revenue": 6939.9,
        "sgaExpense": 2761.7,
        "totalOperatingExpense": 3694.5,
        "totalOtherIncomeExpenseNet": -128,
        "year": 2022
      },
      {
        "costOfGoodsSold": 1960.4,
        "depreciationAmortization": 529.5,
        "dilutedAverageSharesOutstanding": 210.4,
        "dilutedEPS": 1.9,
        "ebit": 1058.2,
        "grossIncome": 4866.9,
        "interestExpense": 208.4,
        "interestIncomeExpense": -208.4,
        "minorityInterest": -0.5,
        "netIncome": 401.6,
        "netIncomeAfterTaxes": 445.5,
        "nonRecurringItems": -363,
        "period": "2021-12-31",
        "pretaxIncome": 499,
        "provisionforIncomeTaxes": 53.5,
        "researchDevelopment": 435.8,
        "revenue": 6827.3,
        "sgaExpense": 2843.4,
        "totalOperatingExpense": 3808.7,
        "totalOtherIncomeExpenseNet": 12.2,
        "year": 2021
      },
      {
        "costOfGoodsSold": 2128.3,
        "depreciationAmortization": 597.6,
        "dilutedAverageSharesOutstanding": 207,
        "dilutedEPS": -0.67,
        "ebit": 748.8,
        "grossIncome": 4896.2,
        "interestExpense": 212.1,
        "interestIncomeExpense": -212,
        "minorityInterest": -1.5,
        "netIncome": -138.9,
        "netIncomeAfterTaxes": -137.4,
        "nonRecurringItems": -836.6,
        "period": "2020-12-31",
        "pretaxIncome": -274.4,
        "provisionforIncomeTaxes": -137,
        "researchDevelopment": 372,
        "revenue": 7024.5,
        "sgaExpense": 3177.8,
        "totalOperatingExpense": 4147.4,
        "totalOtherIncomeExpenseNet": 25.4,
        "year": 2020
      },
      {
        "costOfGoodsSold": 2291,
        "depreciationAmortization": 584.3,
        "dilutedAverageSharesOutstanding": 206.7,
        "dilutedEPS": 5.47,
        "ebit": 1313.8,
        "grossIncome": 5691.2,
        "interestExpense": 226.3,
        "interestIncomeExpense": -199.5,
        "minorityInterest": 0.1,
        "netIncome": 1131.6,
        "netIncomeAfterTaxes": 1131.5,
        "nonRecurringItems": -214.7,
        "period": "2019-12-31",
        "pretaxIncome": 905.8,
        "provisionforIncomeTaxes": -225.7,
        "researchDevelopment": 449.3,
        "revenue": 7982.2,
        "sgaExpense": 3343.8,
        "totalOperatingExpense": 4377.4,
        "totalOtherIncomeExpenseNet": 6.2,
        "year": 2019
      },
      {
        "costOfGoodsSold": 2245.7,
        "depreciationAmortization": 595.9,
        "dilutedAverageSharesOutstanding": 203.5,
        "dilutedEPS": -1.86,
        "ebit": 1320.3,
        "grossIncome": 5687.2,
        "interestExpense": 288.7,
        "interestIncomeExpense": -290.8,
        "minorityInterest": 0.1,
        "netIncome": -379.2,
        "netIncomeAfterTaxes": -371,
        "nonRecurringItems": -1260.3,
        "period": "2018-12-31",
        "pretaxIncome": -271.1,
        "provisionforIncomeTaxes": 99.9,
        "researchDevelopment": 391.7,
        "revenue": 7932.9,
        "sgaExpense": 3379.3,
        "totalOperatingExpense": 4366.9,
        "totalOtherIncomeExpenseNet": -40.3,
        "year": 2018
      },
      {
        "costOfGoodsSold": 2138,
        "depreciationAmortization": 603.9,
        "dilutedAverageSharesOutstanding": 203.7,
        "dilutedEPS": 8.9,
        "ebit": 1586.8,
        "grossIncome": 5665.3,
        "interestIncomeExpense": -382.5,
        "minorityInterest": 0.4,
        "netIncome": 1813.8,
        "netIncomeAfterTaxes": 541,
        "nonRecurringItems": -792.6,
        "period": "2017-12-31",
        "pretaxIncome": 464.6,
        "provisionforIncomeTaxes": -76.4,
        "researchDevelopment": 369.9,
        "revenue": 7803.3,
        "sgaExpense": 3104.7,
        "totalOperatingExpense": 4078.5,
        "totalOtherIncomeExpenseNet": 52.9,
        "year": 2017
      },
      {
        "costOfGoodsSold": 2469.5,
        "depreciationAmortization": 565.9,
        "dilutedAverageSharesOutstanding": 202.4,
        "dilutedEPS": 1.51,
        "ebit": 1322.8,
        "grossIncome": 5198.9,
        "interestIncomeExpense": -331.2,
        "minorityInterest": 1.3,
        "netIncome": 305.9,
        "netIncomeAfterTaxes": 304.6,
        "nonRecurringItems": -589.4,
        "period": "2016-12-31",
        "pretaxIncome": 399.6,
        "provisionforIncomeTaxes": 95,
        "researchDevelopment": 365.6,
        "revenue": 7668.4,
        "sgaExpense": 2944.6,
        "totalOperatingExpense": 3876.1,
        "totalOtherIncomeExpenseNet": -2.6,
        "year": 2016
      },
      {
        "costOfGoodsSold": 1800.6,
        "depreciationAmortization": 337.4,
        "dilutedAverageSharesOutstanding": 189.8,
        "dilutedEPS": 0.77,
        "ebit": 1299.1,
        "gainLossOnDispositionOfAssets": 19,
        "grossIncome": 4197.2,
        "interestExpense": 286.6,
        "interestIncomeExpense": -248.4,
        "minorityInterest": 0.8,
        "netIncome": 147,
        "netIncomeAfterTaxes": 146.2,
        "nonRecurringItems": -831.8,
        "otherOperatingExpensesTotal": 7.7,
        "period": "2015-12-31",
        "pretaxIncome": 153.2,
        "provisionforIncomeTaxes": 7,
        "researchDevelopment": 268.8,
        "revenue": 5997.8,
        "sgaExpense": 2284.2,
        "totalOperatingExpense": 2898.1,
        "totalOtherIncomeExpenseNet": -84.7,
        "year": 2015
      }
    ],
    "symbol": "ZBH"
  }
}