{
  "symbol": "D",
  "statement": "ic",
  "frequency": "quarterly",
  "timestamp": "2025-09-19T13:59:15.971309",
  "data": {
    "financials": [
      {
        "costOfGoodsSold": 18,
        "depreciationAmortization": 580,
        "dilutedAverageSharesOutstanding": 853.2,
        "dilutedEPS": 0.88,
        "ebit": 1146,
        "grossIncome": 3792,
        "interestIncomeExpense": 40,
        "minorityInterest": -54,
        "netIncome": 749,
        "netIncomeAfterTaxes": 813,
        "nonRecurringItems": -50,
        "operationsMaintenance": 883,
        "otherOperatingExpensesTotal": 194,
        "otherRevenue": 241,
        "period": "2025-06-30",
        "pretaxIncome": 1033,
        "provisionforIncomeTaxes": 220,
        "purchasedFuelPowerGas": 989,
        "revenue": 3810,
        "totalOperatingExpense": 2646,
        "totalOtherIncomeExpenseNet": -103
      },
      {
        "costOfGoodsSold": 9,
        "depreciationAmortization": 582,
        "dilutedAverageSharesOutstanding": 852.2,
        "dilutedEPS": 0.75,
        "ebit": 1269,
        "grossIncome": 4067,
        "interestExpense": 480,
        "interestIncomeExpense": -713,
        "minorityInterest": -46,
        "netIncome": 635,
        "netIncomeAfterTaxes": 693,
        "nonRecurringItems": -46,
        "operationsMaintenance": 898,
        "otherOperatingExpensesTotal": 209,
        "otherRevenue": 94,
        "period": "2025-03-31",
        "pretaxIncome": 748,
        "provisionforIncomeTaxes": 55,
        "purchasedFuelPowerGas": 1109,
        "revenue": 4076,
        "totalOperatingExpense": 2798,
        "totalOtherIncomeExpenseNet": 238
      },
      {
        "costOfGoodsSold": 17,
        "depreciationAmortization": 554,
        "dilutedAverageSharesOutstanding": 841.9,
        "dilutedEPS": -0.1,
        "ebit": 773,
        "grossIncome": 3383,
        "interestExpense": 441,
        "interestIncomeExpense": -355,
        "minorityInterest": 53,
        "netIncome": -91,
        "netIncomeAfterTaxes": -144,
        "nonRecurringItems": -382,
        "operationsMaintenance": 992,
        "otherOperatingExpensesTotal": 175,
        "otherRevenue": 117,
        "period": "2024-12-31",
        "pretaxIncome": -248,
        "provisionforIncomeTaxes": -104,
        "purchasedFuelPowerGas": 889,
        "revenue": 3400,
        "totalOperatingExpense": 2610,
        "totalOtherIncomeExpenseNet": -284
      },
      {
        "costOfGoodsSold": 24,
        "depreciationAmortization": 549,
        "dilutedAverageSharesOutstanding": 839.3,
        "dilutedEPS": 1.13,
        "ebit": 1340,
        "grossIncome": 3917,
        "interestExpense": 403,
        "interestIncomeExpense": -116,
        "minorityInterest": 0,
        "netIncome": 939,
        "netIncomeAfterTaxes": 967,
        "nonRecurringItems": -122,
        "operationsMaintenance": 900,
        "otherOperatingExpensesTotal": 184,
        "otherRevenue": 286,
        "period": "2024-09-30",
        "pretaxIncome": 1150,
        "provisionforIncomeTaxes": 183,
        "purchasedFuelPowerGas": 944,
        "revenue": 3941,
        "totalOperatingExpense": 2577,
        "totalOtherIncomeExpenseNet": 48
      },
      {
        "costOfGoodsSold": 21,
        "depreciationAmortization": 621,
        "dilutedAverageSharesOutstanding": 838.3,
        "dilutedEPS": 0.63,
        "ebit": 872,
        "grossIncome": 3465,
        "interestExpense": 469,
        "interestIncomeExpense": -286,
        "minorityInterest": 0,
        "netIncome": 535,
        "netIncomeAfterTaxes": 466,
        "nonRecurringItems": -67,
        "operationsMaintenance": 840,
        "otherOperatingExpensesTotal": 170,
        "otherRevenue": 188,
        "period": "2024-06-30",
        "pretaxIncome": 578,
        "provisionforIncomeTaxes": 112,
        "purchasedFuelPowerGas": 962,
        "revenue": 3486,
        "totalOperatingExpense": 2593,
        "totalOtherIncomeExpenseNet": 59
      },
      {
        "costOfGoodsSold": 12,
        "depreciationAmortization": 621,
        "dilutedAverageSharesOutstanding": 837.6,
        "dilutedEPS": 0.5,
        "ebit": 863,
        "grossIncome": 3620,
        "interestExpense": 574,
        "interestIncomeExpense": -1023,
        "minorityInterest": 0,
        "netIncome": 421,
        "netIncomeAfterTaxes": 323,
        "nonRecurringItems": -30,
        "operationsMaintenance": 855,
        "otherOperatingExpensesTotal": 202,
        "otherRevenue": 225,
        "period": "2024-03-31",
        "pretaxIncome": 378,
        "provisionforIncomeTaxes": 55,
        "purchasedFuelPowerGas": 1079,
        "revenue": 3632,
        "totalOperatingExpense": 2757,
        "totalOtherIncomeExpenseNet": 568
      },
      {
        "costOfGoodsSold": 12,
        "depreciationAmortization": 684,
        "dilutedAverageSharesOutstanding": 837.6,
        "dilutedEPS": 0.34,
        "ebit": 879,
        "grossIncome": 3522,
        "interestExpense": 608,
        "interestIncomeExpense": -211,
        "minorityInterest": 0,
        "netIncome": 289,
        "netIncomeAfterTaxes": 343,
        "nonRecurringItems": -167,
        "operationsMaintenance": 794,
        "otherOperatingExpensesTotal": 167,
        "otherRevenue": 416,
        "period": "2023-12-31",
        "pretaxIncome": 442,
        "provisionforIncomeTaxes": 99,
        "purchasedFuelPowerGas": 998,
        "revenue": 3534,
        "totalOperatingExpense": 2643,
        "totalOtherIncomeExpenseNet": -59
      },
      {
        "costOfGoodsSold": 20,
        "depreciationAmortization": 667,
        "dilutedAverageSharesOutstanding": 836.8,
        "dilutedEPS": 0.16,
        "ebit": 1030,
        "grossIncome": 3790,
        "interestExpense": 192,
        "interestIncomeExpense": -337,
        "minorityInterest": 0,
        "netIncome": 137,
        "netIncomeAfterTaxes": 698,
        "nonRecurringItems": -1,
        "operationsMaintenance": 842,
        "otherOperatingExpensesTotal": 162,
        "otherRevenue": 143,
        "period": "2023-09-30",
        "pretaxIncome": 893,
        "provisionforIncomeTaxes": 195,
        "purchasedFuelPowerGas": 1089,
        "revenue": 3810,
        "totalOperatingExpense": 2760,
        "totalOtherIncomeExpenseNet": 201
      },
      {
        "costOfGoodsSold": 15,
        "depreciationAmortization": 607,
        "dilutedAverageSharesOutstanding": 836.2,
        "dilutedEPS": 0.67,
        "ebit": 610,
        "grossIncome": 3151,
        "interestExpense": 395,
        "interestIncomeExpense": -99,
        "minorityInterest": 0,
        "netIncome": 563,
        "netIncomeAfterTaxes": 415,
        "nonRecurringItems": -16,
        "operationsMaintenance": 782,
        "otherOperatingExpensesTotal": 164,
        "otherRevenue": 199,
        "period": "2023-06-30",
        "pretaxIncome": 513,
        "provisionforIncomeTaxes": 98,
        "purchasedFuelPowerGas": 988,
        "revenue": 3166,
        "totalOperatingExpense": 2541,
        "totalOtherIncomeExpenseNet": 18
      },
      {
        "costOfGoodsSold": 8,
        "depreciationAmortization": 622,
        "dilutedAverageSharesOutstanding": 835.5,
        "dilutedEPS": 1.15,
        "ebit": 1175,
        "grossIncome": 3875,
        "interestExpense": 479,
        "interestIncomeExpense": -251,
        "minorityInterest": 0,
        "netIncome": 961,
        "netIncomeAfterTaxes": 700,
        "nonRecurringItems": -96,
        "operationsMaintenance": 742,
        "otherOperatingExpensesTotal": 191,
        "otherRevenue": 546,
        "period": "2023-03-31",
        "pretaxIncome": 876,
        "provisionforIncomeTaxes": 176,
        "purchasedFuelPowerGas": 1145,
        "revenue": 3883,
        "totalOperatingExpense": 2700,
        "totalOtherIncomeExpenseNet": 48
      },
      {
        "costOfGoodsSold": 14,
        "depreciationAmortization": 610,
        "dilutedAverageSharesOutstanding": 834.1,
        "dilutedEPS": 0.44,
        "ebit": 1078,
        "grossIncome": 3789,
        "interestExpense": 329,
        "interestIncomeExpense": -86,
        "minorityInterest": 0,
        "netIncome": 368,
        "netIncomeAfterTaxes": 242,
        "nonRecurringItems": -807,
        "operationsMaintenance": 776,
        "otherOperatingExpensesTotal": 144,
        "otherRevenue": 343,
        "period": "2022-12-31",
        "pretaxIncome": 240,
        "provisionforIncomeTaxes": -2,
        "purchasedFuelPowerGas": 1181,
        "revenue": 3803,
        "totalOperatingExpense": 2711,
        "totalOtherIncomeExpenseNet": 55
      },
      {
        "costOfGoodsSold": 16,
        "depreciationAmortization": 630,
        "dilutedAverageSharesOutstanding": 833.2,
        "dilutedEPS": 0.9,
        "ebit": 988,
        "grossIncome": 3947,
        "interestExpense": 360,
        "interestIncomeExpense": -714,
        "netIncome": 758,
        "netIncomeAfterTaxes": 626,
        "nonRecurringItems": 7,
        "operationsMaintenance": 849,
        "otherOperatingExpensesTotal": 172,
        "otherRevenue": -146,
        "period": "2022-09-30",
        "pretaxIncome": 696,
        "provisionforIncomeTaxes": 70,
        "purchasedFuelPowerGas": 1308,
        "revenue": 3963,
        "totalOperatingExpense": 2959,
        "totalOtherIncomeExpenseNet": 415
      },
      {
        "costOfGoodsSold": 16,
        "depreciationAmortization": 504,
        "dilutedAverageSharesOutstanding": 830.284,
        "dilutedEPS": -0.57,
        "ebit": 228,
        "grossIncome": 1877,
        "interestExpense": 139,
        "interestIncomeExpense": -762,
        "netIncome": -478,
        "netIncomeAfterTaxes": -1057,
        "nonRecurringItems": -1023,
        "operationsMaintenance": 714,
        "otherOperatingExpensesTotal": 106,
        "otherRevenue": -170,
        "period": "2022-06-30",
        "pretaxIncome": -1302,
        "provisionforIncomeTaxes": -245,
        "purchasedFuelPowerGas": 325,
        "revenue": 1893,
        "totalOperatingExpense": 1649,
        "totalOtherIncomeExpenseNet": 255
      },
      {
        "costOfGoodsSold": 13,
        "depreciationAmortization": 698,
        "dilutedAverageSharesOutstanding": 832,
        "dilutedEPS": 0.82,
        "ebit": 966,
        "grossIncome": 4266,
        "interestExpense": 174,
        "interestIncomeExpense": -301,
        "minorityInterest": 0,
        "netIncome": 684,
        "netIncomeAfterTaxes": 692,
        "nonRecurringItems": 10,
        "operationsMaintenance": 1026,
        "otherOperatingExpensesTotal": 253,
        "otherRevenue": -174,
        "period": "2022-03-31",
        "pretaxIncome": 928,
        "provisionforIncomeTaxes": 236,
        "purchasedFuelPowerGas": 1323,
        "revenue": 4279,
        "totalOperatingExpense": 3300,
        "totalOtherIncomeExpenseNet": 253
      },
      {
        "costOfGoodsSold": 8,
        "depreciationAmortization": 284,
        "dilutedAverageSharesOutstanding": 811.2,
        "dilutedEPS": 1.76,
        "ebit": 329,
        "grossIncome": 1327,
        "interestExpense": 277,
        "interestIncomeExpense": -73,
        "minorityInterest": 2,
        "netIncome": 1432,
        "netIncomeAfterTaxes": 211,
        "nonRecurringItems": -415,
        "operationsMaintenance": 371,
        "otherOperatingExpensesTotal": -12,
        "period": "2021-12-31",
        "pretaxIncome": -170,
        "provisionforIncomeTaxes": -381,
        "purchasedFuelPowerGas": 355,
        "revenue": 1335,
        "totalOperatingExpense": 998,
        "totalOtherIncomeExpenseNet": -11
      },
      {
        "costOfGoodsSold": 26,
        "depreciationAmortization": 621,
        "dilutedAverageSharesOutstanding": 810,
        "dilutedEPS": 0.78,
        "ebit": 619,
        "grossIncome": 3150,
        "interestExpense": 407,
        "interestIncomeExpense": -364,
        "minorityInterest": -12,
        "netIncome": 638,
        "netIncomeAfterTaxes": 601,
        "nonRecurringItems": 222,
        "operationsMaintenance": 924,
        "otherOperatingExpensesTotal": 223,
        "period": "2021-09-30",
        "pretaxIncome": 636,
        "provisionforIncomeTaxes": 35,
        "purchasedFuelPowerGas": 763,
        "revenue": 3176,
        "totalOperatingExpense": 2531,
        "totalOtherIncomeExpenseNet": 159
      },
      {
        "costOfGoodsSold": 25,
        "depreciationAmortization": 604,
        "dilutedAverageSharesOutstanding": 806.6,
        "dilutedEPS": 0.33,
        "ebit": 684,
        "grossIncome": 3013,
        "interestExpense": 518,
        "interestIncomeExpense": -235,
        "minorityInterest": -10,
        "netIncome": 269,
        "netIncomeAfterTaxes": 269,
        "nonRecurringItems": -321,
        "operationsMaintenance": 895,
        "otherOperatingExpensesTotal": 222,
        "otherRevenue": 85,
        "period": "2021-06-30",
        "pretaxIncome": 222,
        "provisionforIncomeTaxes": -47,
        "purchasedFuelPowerGas": 608,
        "revenue": 3038,
        "totalOperatingExpense": 2329,
        "totalOtherIncomeExpenseNet": 94
      },
      {
        "costOfGoodsSold": 11,
        "depreciationAmortization": 608,
        "dilutedAverageSharesOutstanding": 805.9,
        "dilutedEPS": 1.23,
        "ebit": 973,
        "grossIncome": 3859,
        "interestExpense": 53,
        "interestIncomeExpense": 48,
        "minorityInterest": 0,
        "netIncome": 992,
        "netIncomeAfterTaxes": 980,
        "nonRecurringItems": -95,
        "operationsMaintenance": 987,
        "otherOperatingExpensesTotal": 257,
        "otherRevenue": 144,
        "period": "2021-03-31",
        "pretaxIncome": 1192,
        "provisionforIncomeTaxes": 212,
        "purchasedFuelPowerGas": 1034,
        "revenue": 3870,
        "totalOperatingExpense": 2886,
        "totalOtherIncomeExpenseNet": 266
      },
      {
        "costOfGoodsSold": 17,
        "depreciationAmortization": 581,
        "dilutedAverageSharesOutstanding": 812.7,
        "dilutedEPS": -1.45,
        "ebit": 973,
        "grossIncome": 3504,
        "interestExpense": 241,
        "interestIncomeExpense": -241,
        "minorityInterest": -8,
        "netIncome": -1185,
        "netIncomeAfterTaxes": 815,
        "nonRecurringItems": -117,
        "operationsMaintenance": 929,
        "otherOperatingExpensesTotal": 208,
        "otherRevenue": 236,
        "period": "2020-12-31",
        "pretaxIncome": 1021,
        "provisionforIncomeTaxes": 206,
        "purchasedFuelPowerGas": 813,
        "revenue": 3521,
        "totalOperatingExpense": 2531,
        "totalOtherIncomeExpenseNet": 406
      },
      {
        "costOfGoodsSold": 23,
        "depreciationAmortization": 595,
        "dilutedAverageSharesOutstanding": 833.8,
        "dilutedEPS": 0.42,
        "ebit": 1200,
        "grossIncome": 3584,
        "interestExpense": 306,
        "interestIncomeExpense": -378,
        "minorityInterest": 225,
        "netIncome": 353,
        "netIncomeAfterTaxes": 112,
        "nonRecurringItems": -1173,
        "operationsMaintenance": 955,
        "otherOperatingExpensesTotal": 203,
        "otherRevenue": 193,
        "period": "2020-09-30",
        "pretaxIncome": 2,
        "provisionforIncomeTaxes": -110,
        "purchasedFuelPowerGas": 631,
        "revenue": 3607,
        "totalOperatingExpense": 2384,
        "totalOtherIncomeExpenseNet": 353
      },
      {
        "costOfGoodsSold": 11,
        "depreciationAmortization": 578,
        "dilutedAverageSharesOutstanding": 839.4,
        "dilutedEPS": -1.41,
        "ebit": 848,
        "grossIncome": 3095,
        "interestExpense": 398,
        "interestIncomeExpense": -396,
        "minorityInterest": -37,
        "netIncome": -1185,
        "netIncomeAfterTaxes": 869,
        "nonRecurringItems": -44,
        "operationsMaintenance": 852,
        "otherOperatingExpensesTotal": 220,
        "otherRevenue": 239,
        "period": "2020-06-30",
        "pretaxIncome": 906,
        "provisionforIncomeTaxes": 37,
        "purchasedFuelPowerGas": 597,
        "revenue": 3106,
        "totalOperatingExpense": 2247,
        "totalOtherIncomeExpenseNet": 498
      },
      {
        "costOfGoodsSold": 2,
        "depreciationAmortization": 673,
        "dilutedAverageSharesOutstanding": 838.2,
        "dilutedEPS": -0.32,
        "ebit": 1497,
        "grossIncome": 4494,
        "interestExpense": 490,
        "interestIncomeExpense": -569,
        "minorityInterest": -31,
        "netIncome": -270,
        "netIncomeAfterTaxes": -239,
        "nonRecurringItems": -787,
        "operationsMaintenance": 1024,
        "otherOperatingExpensesTotal": 284,
        "otherRevenue": 336,
        "period": "2020-03-31",
        "pretaxIncome": -258,
        "provisionforIncomeTaxes": -19,
        "purchasedFuelPowerGas": 1016,
        "revenue": 4496,
        "totalOperatingExpense": 2997,
        "totalOtherIncomeExpenseNet": -399
      },
      {
        "costOfGoodsSold": 14,
        "depreciationAmortization": 570,
        "dilutedAverageSharesOutstanding": 826.9,
        "dilutedEPS": 1.83,
        "ebit": 1126,
        "grossIncome": 3881,
        "interestExpense": 353,
        "interestIncomeExpense": -353,
        "minorityInterest": -1,
        "netIncome": 1520,
        "netIncomeAfterTaxes": 820,
        "nonRecurringItems": -190,
        "operationsMaintenance": 925,
        "otherOperatingExpensesTotal": 185,
        "otherRevenue": 244,
        "period": "2019-12-31",
        "pretaxIncome": 868,
        "provisionforIncomeTaxes": 48,
        "purchasedFuelPowerGas": 1075,
        "revenue": 3895,
        "totalOperatingExpense": 2755,
        "totalOtherIncomeExpenseNet": 285
      },
      {
        "costOfGoodsSold": 11,
        "depreciationAmortization": 586,
        "dilutedAverageSharesOutstanding": 813,
        "dilutedEPS": 1.14,
        "ebit": 1218,
        "grossIncome": 3771,
        "interestExpense": 370,
        "interestIncomeExpense": -370,
        "minorityInterest": -10,
        "netIncome": 930,
        "netIncomeAfterTaxes": 947,
        "nonRecurringItems": -114,
        "operationsMaintenance": 838,
        "otherOperatingExpensesTotal": 202,
        "otherRevenue": 252,
        "period": "2019-09-30",
        "pretaxIncome": 863,
        "provisionforIncomeTaxes": -84,
        "purchasedFuelPowerGas": 927,
        "revenue": 3782,
        "totalOperatingExpense": 2553,
        "totalOtherIncomeExpenseNet": 129
      },
      {
        "costOfGoodsSold": 24,
        "depreciationAmortization": 476,
        "dilutedAverageSharesOutstanding": 831.679,
        "dilutedEPS": -0.52,
        "ebit": 737,
        "grossIncome": 2842,
        "interestExpense": 294,
        "interestIncomeExpense": -294,
        "minorityInterest": -4,
        "netIncome": -429,
        "netIncomeAfterTaxes": -430,
        "nonRecurringItems": -751,
        "operationsMaintenance": 536,
        "otherOperatingExpensesTotal": 165,
        "otherRevenue": 180,
        "period": "2019-06-30",
        "pretaxIncome": -299,
        "provisionforIncomeTaxes": 131,
        "purchasedFuelPowerGas": 928,
        "revenue": 2866,
        "totalOperatingExpense": 2105,
        "totalOtherIncomeExpenseNet": 9
      },
      {
        "costOfGoodsSold": 39,
        "depreciationAmortization": 651,
        "dilutedAverageSharesOutstanding": 793.1,
        "dilutedEPS": -0.86,
        "ebit": 474,
        "grossIncome": 3819,
        "interestExpense": 460,
        "interestIncomeExpense": -466,
        "minorityInterest": -3,
        "netIncome": -680,
        "netIncomeAfterTaxes": -677,
        "nonRecurringItems": -959,
        "operationsMaintenance": 854,
        "otherOperatingExpensesTotal": 292,
        "otherRevenue": 377,
        "period": "2019-03-31",
        "pretaxIncome": -563,
        "provisionforIncomeTaxes": 114,
        "purchasedFuelPowerGas": 1515,
        "revenue": 3858,
        "sgaExpense": 33,
        "totalOperatingExpense": 3345,
        "totalOtherIncomeExpenseNet": 388
      },
      {
        "costOfGoodsSold": 35,
        "depreciationAmortization": 513,
        "dilutedAverageSharesOutstanding": 661.2,
        "dilutedEPS": 0.96,
        "ebit": 837,
        "grossIncome": 3326,
        "interestExpense": 440,
        "interestIncomeExpense": -420,
        "minorityInterest": -21,
        "netIncome": 641,
        "netIncomeAfterTaxes": 708,
        "nonRecurringItems": -23,
        "operationsMaintenance": 873,
        "otherOperatingExpensesTotal": 161,
        "otherRevenue": 297,
        "period": "2018-12-31",
        "pretaxIncome": 757,
        "provisionforIncomeTaxes": 49,
        "purchasedFuelPowerGas": 942,
        "revenue": 3361,
        "totalOperatingExpense": 2489,
        "totalOtherIncomeExpenseNet": 363
      },
      {
        "costOfGoodsSold": 50,
        "depreciationAmortization": 526,
        "dilutedAverageSharesOutstanding": 654.9,
        "dilutedEPS": 1.3,
        "ebit": 1156,
        "grossIncome": 3401,
        "interestExpense": 378,
        "interestIncomeExpense": -384,
        "minorityInterest": -29,
        "netIncome": 854,
        "netIncomeAfterTaxes": 883,
        "operationsMaintenance": 782,
        "otherOperatingExpensesTotal": 177,
        "otherRevenue": 260,
        "period": "2018-09-30",
        "pretaxIncome": 1145,
        "provisionforIncomeTaxes": 262,
        "purchasedFuelPowerGas": 760,
        "revenue": 3451,
        "totalOperatingExpense": 2245,
        "totalOtherIncomeExpenseNet": 373
      },
      {
        "costOfGoodsSold": 23,
        "depreciationAmortization": 463,
        "dilutedAverageSharesOutstanding": 653.1,
        "dilutedEPS": 0.69,
        "ebit": 741,
        "grossIncome": 3065,
        "interestExpense": 361,
        "interestIncomeExpense": -360,
        "minorityInterest": -29,
        "netIncome": 449,
        "netIncomeAfterTaxes": 478,
        "operationsMaintenance": 1007,
        "otherOperatingExpensesTotal": 166,
        "otherRevenue": 328,
        "period": "2018-06-30",
        "pretaxIncome": 566,
        "provisionforIncomeTaxes": 88,
        "purchasedFuelPowerGas": 688,
        "revenue": 3088,
        "totalOperatingExpense": 2324,
        "totalOtherIncomeExpenseNet": 185
      },
      {
        "costOfGoodsSold": 14,
        "depreciationAmortization": 498,
        "dilutedAverageSharesOutstanding": 650.5,
        "dilutedEPS": 0.77,
        "ebit": 888,
        "grossIncome": 3452,
        "interestExpense": 314,
        "interestIncomeExpense": -327,
        "minorityInterest": -23,
        "netIncome": 503,
        "netIncomeAfterTaxes": 526,
        "operationsMaintenance": 796,
        "otherOperatingExpensesTotal": 199,
        "otherRevenue": 328,
        "period": "2018-03-31",
        "pretaxIncome": 661,
        "provisionforIncomeTaxes": 135,
        "purchasedFuelPowerGas": 1071,
        "revenue": 3466,
        "totalOperatingExpense": 2564,
        "totalOtherIncomeExpenseNet": 100
      },
      {
        "costOfGoodsSold": 14,
        "depreciationAmortization": 484,
        "dilutedAverageSharesOutstanding": 643.8,
        "dilutedEPS": 2.03,
        "ebit": 834,
        "grossIncome": 3196,
        "interestExpense": 300,
        "interestIncomeExpense": -313,
        "minorityInterest": -21,
        "netIncome": 1312,
        "netIncomeAfterTaxes": 482,
        "nonRecurringItems": 132,
        "operationsMaintenance": 892,
        "otherOperatingExpensesTotal": 149,
        "otherRevenue": 139,
        "period": "2017-12-31",
        "pretaxIncome": 620,
        "provisionforIncomeTaxes": 138,
        "purchasedFuelPowerGas": 837,
        "revenue": 3210,
        "totalOperatingExpense": 2362,
        "totalOtherIncomeExpenseNet": -33
      },
      {
        "costOfGoodsSold": 21,
        "depreciationAmortization": 485,
        "dilutedAverageSharesOutstanding": 642.5,
        "dilutedEPS": 1.04,
        "ebit": 1176,
        "grossIncome": 3158,
        "interestExpense": 305,
        "interestIncomeExpense": -329,
        "minorityInterest": -31,
        "netIncome": 665,
        "netIncomeAfterTaxes": 696,
        "operationsMaintenance": 698,
        "otherOperatingExpensesTotal": 162,
        "otherRevenue": 119,
        "period": "2017-09-30",
        "pretaxIncome": 968,
        "provisionforIncomeTaxes": 272,
        "purchasedFuelPowerGas": 637,
        "revenue": 3179,
        "totalOperatingExpense": 1982,
        "totalOtherIncomeExpenseNet": 121
      },
      {
        "costOfGoodsSold": -12,
        "depreciationAmortization": 467,
        "dilutedAverageSharesOutstanding": 629.2,
        "dilutedEPS": 0.62,
        "ebit": 770,
        "grossIncome": 2825,
        "interestExpense": 308,
        "interestIncomeExpense": -325,
        "minorityInterest": -27,
        "netIncome": 390,
        "netIncomeAfterTaxes": 417,
        "operationsMaintenance": 826,
        "otherOperatingExpensesTotal": 168,
        "otherRevenue": 99,
        "period": "2017-06-30",
        "pretaxIncome": 553,
        "provisionforIncomeTaxes": 136,
        "purchasedFuelPowerGas": 594,
        "revenue": 2813,
        "totalOperatingExpense": 2055,
        "totalOtherIncomeExpenseNet": 108
      },
      {
        "costOfGoodsSold": -17,
        "depreciationAmortization": 469,
        "dilutedAverageSharesOutstanding": 628.1,
        "dilutedEPS": 1.01,
        "ebit": 1087,
        "grossIncome": 3401,
        "interestExpense": 292,
        "interestIncomeExpense": -300,
        "minorityInterest": -42,
        "netIncome": 632,
        "netIncomeAfterTaxes": 674,
        "operationsMaintenance": 783,
        "otherOperatingExpensesTotal": 189,
        "otherRevenue": 107,
        "period": "2017-03-31",
        "pretaxIncome": 949,
        "provisionforIncomeTaxes": 275,
        "purchasedFuelPowerGas": 873,
        "revenue": 3384,
        "totalOperatingExpense": 2314,
        "totalOtherIncomeExpenseNet": 162
      },
      {
        "costOfGoodsSold": -8,
        "depreciationAmortization": 447,
        "dilutedAverageSharesOutstanding": 627.2,
        "dilutedEPS": 0.74,
        "ebit": 613,
        "grossIncome": 3094,
        "interestExpense": 295,
        "interestIncomeExpense": -304,
        "minorityInterest": -34,
        "netIncome": 457,
        "netIncomeAfterTaxes": 491,
        "nonRecurringItems": 36,
        "operationsMaintenance": 1146,
        "otherOperatingExpensesTotal": 148,
        "otherRevenue": 117,
        "period": "2016-12-31",
        "pretaxIncome": 585,
        "provisionforIncomeTaxes": 94,
        "purchasedFuelPowerGas": 740,
        "revenue": 3086,
        "totalOperatingExpense": 2481,
        "totalOtherIncomeExpenseNet": 240
      },
      {
        "costOfGoodsSold": -6,
        "depreciationAmortization": 400,
        "dilutedAverageSharesOutstanding": 626,
        "dilutedEPS": 1.1,
        "ebit": 1178,
        "grossIncome": 3138,
        "interestExpense": 250,
        "interestIncomeExpense": -283,
        "minorityInterest": -38,
        "netIncome": 690,
        "netIncomeAfterTaxes": 728,
        "operationsMaintenance": 765,
        "otherOperatingExpensesTotal": 145,
        "otherRevenue": 75,
        "period": "2016-09-30",
        "pretaxIncome": 958,
        "provisionforIncomeTaxes": 230,
        "purchasedFuelPowerGas": 650,
        "revenue": 3132,
        "totalOperatingExpense": 1960,
        "totalOtherIncomeExpenseNet": 63
      },
      {
        "costOfGoodsSold": 45,
        "depreciationAmortization": 361,
        "dilutedAverageSharesOutstanding": 617,
        "dilutedEPS": 0.73,
        "ebit": 782,
        "grossIncome": 2553,
        "interestExpense": 239,
        "interestIncomeExpense": -240,
        "minorityInterest": -10,
        "netIncome": 452,
        "netIncomeAfterTaxes": 462,
        "operationsMaintenance": 665,
        "otherOperatingExpensesTotal": 139,
        "otherRevenue": 96,
        "period": "2016-06-30",
        "pretaxIncome": 614,
        "provisionforIncomeTaxes": 152,
        "purchasedFuelPowerGas": 606,
        "revenue": 2598,
        "totalOperatingExpense": 1771,
        "totalOtherIncomeExpenseNet": 72
      },
      {
        "costOfGoodsSold": 68,
        "depreciationAmortization": 351,
        "dilutedAverageSharesOutstanding": 598.2,
        "dilutedEPS": 0.88,
        "ebit": 905,
        "grossIncome": 2853,
        "interestExpense": 226,
        "interestIncomeExpense": -249,
        "minorityInterest": -7,
        "netIncome": 524,
        "netIncomeAfterTaxes": 531,
        "operationsMaintenance": 703,
        "otherOperatingExpensesTotal": 164,
        "otherRevenue": 92,
        "period": "2016-03-31",
        "pretaxIncome": 710,
        "provisionforIncomeTaxes": 179,
        "purchasedFuelPowerGas": 730,
        "revenue": 2921,
        "totalOperatingExpense": 1948,
        "totalOtherIncomeExpenseNet": 54
      },
      {
        "costOfGoodsSold": 71,
        "depreciationAmortization": 358,
        "dilutedAverageSharesOutstanding": 596.7,
        "dilutedEPS": 0.6,
        "ebit": 659,
        "grossIncome": 2485,
        "interestExpense": 230,
        "interestIncomeExpense": -251,
        "minorityInterest": -9,
        "netIncome": 357,
        "netIncomeAfterTaxes": 366,
        "operationsMaintenance": 720,
        "otherOperatingExpensesTotal": 119,
        "otherRevenue": 87,
        "period": "2015-12-31",
        "pretaxIncome": 477,
        "provisionforIncomeTaxes": 111,
        "purchasedFuelPowerGas": 629,
        "revenue": 2556,
        "totalOperatingExpense": 1826,
        "totalOtherIncomeExpenseNet": 69
      },
      {
        "costOfGoodsSold": 75,
        "depreciationAmortization": 355,
        "dilutedAverageSharesOutstanding": 595.5,
        "dilutedEPS": 1,
        "ebit": 1130,
        "grossIncome": 2896,
        "interestExpense": 230,
        "interestIncomeExpense": -237,
        "minorityInterest": -6,
        "netIncome": 593,
        "netIncomeAfterTaxes": 599,
        "operationsMaintenance": 564,
        "otherOperatingExpensesTotal": 133,
        "otherRevenue": 111,
        "period": "2015-09-30",
        "pretaxIncome": 904,
        "provisionforIncomeTaxes": 305,
        "purchasedFuelPowerGas": 714,
        "revenue": 2971,
        "totalOperatingExpense": 1766,
        "totalOtherIncomeExpenseNet": 11
      }
    ],
    "symbol": "D"
  }
}