{
  "symbol": "ALB",
  "statement": "ic",
  "frequency": "annual",
  "timestamp": "2025-09-19T13:55:27.490433",
  "data": {
    "financials": [
      {
        "costOfGoodsSold": 5313.587,
        "dilutedAverageSharesOutstanding": 117.516,
        "dilutedEPS": -11.1993,
        "ebit": -629.306,
        "equityEarningsAffiliates": 715.433,
        "gainLossOnDispositionOfAssets": 40.9,
        "grossIncome": 63.939,
        "interestExpense": 165.619,
        "interestIncomeExpense": -236.319,
        "minorityInterest": -43.972,
        "netIncome": -1316.096,
        "netIncomeAfterTaxes": -1850.91,
        "nonRecurringItems": -1153.139,
        "period": "2024-12-31",
        "pretaxIncome": -1763.825,
        "provisionforIncomeTaxes": 87.085,
        "researchDevelopment": 86.72,
        "revenue": 5377.526,
        "sgaExpense": 606.525,
        "totalOperatingExpense": 693.245,
        "totalOtherIncomeExpenseNet": 214.039,
        "year": 2024
      },
      {
        "costOfGoodsSold": 8420.294,
        "dilutedAverageSharesOutstanding": 117.766,
        "dilutedEPS": 13.361,
        "ebit": 459.256,
        "equityEarningsAffiliates": 1854.082,
        "grossIncome": 1196.909,
        "interestExpense": 116.072,
        "interestIncomeExpense": -110.572,
        "minorityInterest": -97.067,
        "netIncome": 1573.476,
        "netIncomeAfterTaxes": -183.539,
        "nonRecurringItems": -204.575,
        "period": "2023-12-31",
        "pretaxIncome": 246.738,
        "provisionforIncomeTaxes": 430.277,
        "researchDevelopment": 85.725,
        "revenue": 9617.203,
        "sgaExpense": 651.928,
        "totalOperatingExpense": 737.653,
        "totalOtherIncomeExpenseNet": 102.629,
        "year": 2023
      },
      {
        "costOfGoodsSold": 4242.3,
        "dilutedAverageSharesOutstanding": 117.8,
        "dilutedEPS": 22.84,
        "ebit": 2502.7,
        "equityEarningsAffiliates": 772.3,
        "grossIncome": 3077.8,
        "interestExpense": 122.973,
        "interestIncomeExpense": -123,
        "minorityInterest": -125.3,
        "netIncome": 2689.8,
        "netIncomeAfterTaxes": 2042.9,
        "nonRecurringItems": -33.2,
        "period": "2022-12-31",
        "pretaxIncome": 2433.4,
        "provisionforIncomeTaxes": 390.6,
        "researchDevelopment": 72,
        "revenue": 7320.1,
        "sgaExpense": 503.2,
        "totalOperatingExpense": 575.1,
        "totalOtherIncomeExpenseNet": 87,
        "year": 2022
      },
      {
        "costOfGoodsSold": 2319.5,
        "dilutedAverageSharesOutstanding": 116.5,
        "dilutedEPS": 1.06,
        "ebit": 536.4,
        "equityEarningsAffiliates": 95.8,
        "grossIncome": 1008.5,
        "interestExpense": 61.476,
        "interestIncomeExpense": -61.5,
        "minorityInterest": -76.3,
        "netIncome": 123.7,
        "netIncomeAfterTaxes": 104.2,
        "nonRecurringItems": 257.2,
        "period": "2021-12-31",
        "pretaxIncome": 133.6,
        "provisionforIncomeTaxes": 29.4,
        "researchDevelopment": 54,
        "revenue": 3328,
        "sgaExpense": 418,
        "totalOperatingExpense": 472,
        "totalOtherIncomeExpenseNet": -598.5,
        "year": 2021
      },
      {
        "costOfGoodsSold": 2132.1,
        "dilutedAverageSharesOutstanding": 106.8,
        "dilutedEPS": 3.52,
        "ebit": 544.1,
        "equityEarningsAffiliates": 127.5,
        "gainLossOnDispositionOfAssets": 14.7,
        "grossIncome": 996.9,
        "interestExpense": 68.316,
        "interestIncomeExpense": -68.3,
        "minorityInterest": -70.9,
        "netIncome": 375.8,
        "netIncomeAfterTaxes": 319.1,
        "nonRecurringItems": -54,
        "period": "2020-12-31",
        "pretaxIncome": 373.5,
        "provisionforIncomeTaxes": 54.4,
        "researchDevelopment": 59.2,
        "revenue": 3128.9,
        "sgaExpense": 393.6,
        "totalOperatingExpense": 452.7,
        "totalOtherIncomeExpenseNet": -63,
        "year": 2020
      },
      {
        "costOfGoodsSold": 2330.9,
        "dilutedAverageSharesOutstanding": 106.3,
        "dilutedEPS": 5.02,
        "ebit": 697,
        "equityEarningsAffiliates": 129.6,
        "gainLossOnDispositionOfAssets": 14.4,
        "grossIncome": 1258.5,
        "interestExpense": 52.895,
        "interestIncomeExpense": -78.7,
        "minorityInterest": -71.1,
        "netIncome": 533.2,
        "netIncomeAfterTaxes": 474.8,
        "nonRecurringItems": -75.8,
        "period": "2019-12-31",
        "pretaxIncome": 563,
        "provisionforIncomeTaxes": 88.2,
        "researchDevelopment": 58.3,
        "revenue": 3589.4,
        "sgaExpense": 503.2,
        "totalOperatingExpense": 561.5,
        "totalOtherIncomeExpenseNet": 6,
        "year": 2019
      },
      {
        "costOfGoodsSold": 2143.9,
        "dilutedAverageSharesOutstanding": 109.5,
        "dilutedEPS": 6.33,
        "ebit": 740.2,
        "equityEarningsAffiliates": 89.3,
        "grossIncome": 1231.1,
        "interestExpense": 52.405,
        "interestIncomeExpense": -72.3,
        "minorityInterest": -45.6,
        "netIncome": 693.6,
        "netIncomeAfterTaxes": 607.6,
        "nonRecurringItems": 117.6,
        "period": "2018-12-31",
        "pretaxIncome": 794.7,
        "provisionforIncomeTaxes": 187.1,
        "researchDevelopment": 70.1,
        "revenue": 3375,
        "sgaExpense": 420.7,
        "totalOperatingExpense": 490.8,
        "totalOtherIncomeExpenseNet": 9.1,
        "year": 2018
      },
      {
        "costOfGoodsSold": 1961.5,
        "dilutedAverageSharesOutstanding": 112.4,
        "dilutedEPS": 0.48,
        "ebit": 628.3,
        "equityEarningsAffiliates": 84.5,
        "grossIncome": 1110.5,
        "interestExpense": 62.55,
        "interestIncomeExpense": -58,
        "minorityInterest": -44.6,
        "netIncome": 54.9,
        "netIncomeAfterTaxes": 381.9,
        "nonRecurringItems": -112.9,
        "period": "2017-12-31",
        "pretaxIncome": 446.8,
        "provisionforIncomeTaxes": 64.9,
        "researchDevelopment": 78.6,
        "revenue": 3072,
        "sgaExpense": 403.6,
        "totalOperatingExpense": 482.2,
        "totalOtherIncomeExpenseNet": -10.6,
        "year": 2017
      },
      {
        "costOfGoodsSold": 1706.6,
        "dilutedAverageSharesOutstanding": 113.2,
        "dilutedEPS": 5.68,
        "ebit": 509.7,
        "equityEarningsAffiliates": 59.6,
        "grossIncome": 970.6,
        "interestExpense": 65.181,
        "interestIncomeExpense": -65.2,
        "minorityInterest": -37.1,
        "netIncome": 643.7,
        "netIncomeAfterTaxes": 419,
        "nonRecurringItems": 64.9,
        "period": "2016-12-31",
        "pretaxIncome": 515.3,
        "provisionforIncomeTaxes": 96.3,
        "researchDevelopment": 80.5,
        "revenue": 2677.2,
        "sgaExpense": 380.5,
        "totalOperatingExpense": 461,
        "totalOtherIncomeExpenseNet": 5.9,
        "year": 2016
      },
      {
        "costOfGoodsSold": 1966.2,
        "dilutedAverageSharesOutstanding": 111.6,
        "dilutedEPS": 3,
        "ebit": 470.6,
        "equityEarningsAffiliates": 28,
        "grossIncome": 860.2,
        "interestExpense": 81.65,
        "interestIncomeExpense": -81.7,
        "minorityInterest": -25.2,
        "netIncome": 334.9,
        "netIncomeAfterTaxes": 299.6,
        "nonRecurringItems": -125.5,
        "period": "2015-12-31",
        "pretaxIncome": 310.7,
        "provisionforIncomeTaxes": 11.1,
        "researchDevelopment": 89.2,
        "revenue": 2826.4,
        "sgaExpense": 300.4,
        "totalOperatingExpense": 389.6,
        "totalOtherIncomeExpenseNet": 47.3,
        "year": 2015
      }
    ],
    "symbol": "ALB"
  }
}