{
  "symbol": "AEP",
  "statement": "ic",
  "frequency": "annual",
  "timestamp": "2025-09-19T13:55:47.276799",
  "data": {
    "financials": [
      {
        "costOfGoodsSold": 5936.3,
        "depreciationAmortization": 3289.9,
        "dilutedAverageSharesOutstanding": 531.3377,
        "dilutedEPS": 5.5842,
        "ebit": 4446.1,
        "equityEarningsAffiliates": 93.7,
        "grossIncome": 13785,
        "interestExpense": 1651.8,
        "interestIncomeExpense": -1651.8,
        "minorityInterest": -8.7,
        "netIncome": 2967.1,
        "netIncomeAfterTaxes": 2882.1,
        "nonRecurringItems": -142.5,
        "operationsMaintenance": 4452.7,
        "otherOperatingExpensesTotal": 1596.3,
        "otherRevenue": 483,
        "period": "2024-12-31",
        "pretaxIncome": 2842.9,
        "provisionforIncomeTaxes": -39.2,
        "revenue": 19721.3,
        "totalOperatingExpense": 9338.9,
        "totalOtherIncomeExpenseNet": 191.1,
        "year": 2024
      },
      {
        "costOfGoodsSold": 6578.3,
        "depreciationAmortization": 3090.4,
        "dilutedAverageSharesOutstanding": 520.2063,
        "dilutedEPS": 4.2447,
        "ebit": 3734.5,
        "equityEarningsAffiliates": 58.5,
        "grossIncome": 12404,
        "interestExpense": 1632,
        "interestIncomeExpense": -1632,
        "minorityInterest": -4.5,
        "netIncome": 2208.1,
        "netIncomeAfterTaxes": 2154.1,
        "nonRecurringItems": -178.3,
        "operationsMaintenance": 4086.8,
        "otherOperatingExpensesTotal": 1492.3,
        "otherRevenue": 458.1,
        "period": "2023-12-31",
        "pretaxIncome": 2208.7,
        "provisionforIncomeTaxes": 54.6,
        "revenue": 18982.3,
        "totalOperatingExpense": 8669.5,
        "totalOtherIncomeExpenseNet": 284.5,
        "year": 2023
      },
      {
        "costOfGoodsSold": 7098,
        "depreciationAmortization": 3203,
        "dilutedAverageSharesOutstanding": 513,
        "dilutedEPS": 4.49,
        "ebit": 3742,
        "equityEarningsAffiliates": -109,
        "grossIncome": 12542,
        "interestExpense": 1262.4,
        "interestIncomeExpense": -1262,
        "minorityInterest": 2,
        "netIncome": 2307,
        "netIncomeAfterTaxes": 2415,
        "nonRecurringItems": -259,
        "operationsMaintenance": 4128,
        "otherOperatingExpensesTotal": 1470,
        "otherRevenue": 408,
        "period": "2022-12-31",
        "pretaxIncome": 2420,
        "provisionforIncomeTaxes": 5,
        "revenue": 19640,
        "totalOperatingExpense": 8800,
        "totalOtherIncomeExpenseNet": 200,
        "year": 2022
      },
      {
        "costOfGoodsSold": 5466,
        "depreciationAmortization": 2826,
        "dilutedAverageSharesOutstanding": 502,
        "dilutedEPS": 4.96,
        "ebit": 3423,
        "equityEarningsAffiliates": 92,
        "grossIncome": 11326,
        "interestExpense": 1059.4,
        "interestIncomeExpense": -1059,
        "minorityInterest": 0,
        "netIncome": 2488,
        "netIncomeAfterTaxes": 2396,
        "nonRecurringItems": -12,
        "operationsMaintenance": 3670,
        "otherOperatingExpensesTotal": 1408,
        "otherRevenue": 367,
        "period": "2021-12-31",
        "pretaxIncome": 2512,
        "provisionforIncomeTaxes": 116,
        "revenue": 16792,
        "totalOperatingExpense": 7903,
        "totalOtherIncomeExpenseNet": 160,
        "year": 2021
      },
      {
        "costOfGoodsSold": 2930,
        "depreciationAmortization": 2683,
        "dilutedAverageSharesOutstanding": 497,
        "dilutedEPS": 4.42,
        "ebit": 2988,
        "equityEarningsAffiliates": 91,
        "grossIncome": 11989,
        "interestExpense": 1017.6,
        "interestIncomeExpense": -1018,
        "minorityInterest": 3,
        "netIncome": 2200,
        "netIncomeAfterTaxes": 2058,
        "nonRecurringItems": 0,
        "operationsMaintenance": 3583,
        "otherOperatingExpensesTotal": 1296,
        "otherRevenue": 306,
        "period": "2020-12-31",
        "pretaxIncome": 2146,
        "provisionforIncomeTaxes": 89,
        "purchasedFuelPowerGas": 1439,
        "revenue": 14919,
        "totalOperatingExpense": 9001,
        "totalOtherIncomeExpenseNet": 176,
        "year": 2020
      },
      {
        "costOfGoodsSold": 3165,
        "depreciationAmortization": 2515,
        "dilutedAverageSharesOutstanding": 495,
        "dilutedEPS": 3.88,
        "ebit": 2748,
        "equityEarningsAffiliates": 72,
        "grossIncome": 12396,
        "interestExpense": 904.1,
        "interestIncomeExpense": -904,
        "minorityInterest": 1,
        "netIncome": 1921,
        "netIncomeAfterTaxes": 1848,
        "nonRecurringItems": -156,
        "operationsMaintenance": 3958,
        "otherOperatingExpensesTotal": 1235,
        "otherRevenue": 275,
        "period": "2019-12-31",
        "pretaxIncome": 1835,
        "provisionforIncomeTaxes": -13,
        "purchasedFuelPowerGas": 1941,
        "revenue": 15561,
        "totalOperatingExpense": 9648,
        "totalOtherIncomeExpenseNet": 147,
        "year": 2019
      },
      {
        "costOfGoodsSold": 3427,
        "depreciationAmortization": 2287,
        "dilutedAverageSharesOutstanding": 494,
        "dilutedEPS": 3.89,
        "ebit": 2754,
        "equityEarningsAffiliates": 73,
        "grossIncome": 12769,
        "interestExpense": 851.9,
        "interestIncomeExpense": -840,
        "minorityInterest": -8,
        "netIncome": 1924,
        "netIncomeAfterTaxes": 1847,
        "nonRecurringItems": -71,
        "operationsMaintenance": 4227,
        "otherOperatingExpensesTotal": 1143,
        "otherRevenue": 269,
        "period": "2018-12-31",
        "pretaxIncome": 1974,
        "provisionforIncomeTaxes": 126,
        "purchasedFuelPowerGas": 2359,
        "revenue": 16196,
        "totalOperatingExpense": 10015,
        "totalOtherIncomeExpenseNet": 131,
        "year": 2018
      },
      {
        "costOfGoodsSold": 2965,
        "depreciationAmortization": 1997,
        "dilutedAverageSharesOutstanding": 493,
        "dilutedEPS": 3.88,
        "ebit": 3386,
        "equityEarningsAffiliates": 82,
        "grossIncome": 12460,
        "interestExpense": 801.3,
        "interestIncomeExpense": -773,
        "minorityInterest": -16,
        "netIncome": 1913,
        "netIncomeAfterTaxes": 1820,
        "nonRecurringItems": 139,
        "operationsMaintenance": 3671,
        "otherOperatingExpensesTotal": 1059,
        "otherRevenue": 230,
        "period": "2017-12-31",
        "pretaxIncome": 2816,
        "provisionforIncomeTaxes": 996,
        "purchasedFuelPowerGas": 2347,
        "revenue": 15425,
        "totalOperatingExpense": 9074,
        "totalOtherIncomeExpenseNet": 64,
        "year": 2017
      },
      {
        "costOfGoodsSold": 2821,
        "depreciationAmortization": 1962,
        "dilutedAverageSharesOutstanding": 492,
        "dilutedEPS": 1.25,
        "ebit": 3432,
        "equityEarningsAffiliates": 71,
        "grossIncome": 13559,
        "interestExpense": 764,
        "interestIncomeExpense": -748,
        "minorityInterest": -7,
        "netIncome": 611,
        "netIncomeAfterTaxes": 549,
        "nonRecurringItems": -2268,
        "operationsMaintenance": 4238,
        "otherOperatingExpensesTotal": 1018,
        "otherRevenue": 181,
        "period": "2016-12-31",
        "pretaxIncome": 476,
        "provisionforIncomeTaxes": -74,
        "purchasedFuelPowerGas": 2909,
        "revenue": 16380,
        "totalOperatingExpense": 10127,
        "totalOtherIncomeExpenseNet": 59,
        "year": 2016
      },
      {
        "costOfGoodsSold": 2760,
        "depreciationAmortization": 2010,
        "dilutedAverageSharesOutstanding": 491,
        "dilutedEPS": 4.16,
        "ebit": 3334,
        "equityEarningsAffiliates": 65,
        "grossIncome": 13693,
        "interestExpense": 742,
        "interestIncomeExpense": -734,
        "minorityInterest": -5,
        "netIncome": 2047,
        "netIncomeAfterTaxes": 1703,
        "nonRecurringItems": 0,
        "operationsMaintenance": 4029,
        "otherOperatingExpensesTotal": 973,
        "otherRevenue": 125,
        "period": "2015-12-31",
        "pretaxIncome": 2623,
        "provisionforIncomeTaxes": 920,
        "purchasedFuelPowerGas": 3348,
        "revenue": 16453,
        "totalOperatingExpense": 10360,
        "totalOtherIncomeExpenseNet": 24,
        "year": 2015
      }
    ],
    "symbol": "AEP"
  }
}