{
  "symbol": "IR",
  "statement": "ic",
  "frequency": "annual",
  "timestamp": "2025-09-19T14:02:00.581685",
  "data": {
    "financials": [
      {
        "costOfGoodsSold": 4065,
        "depreciationAmortization": 373,
        "dilutedAverageSharesOutstanding": 407.2,
        "dilutedEPS": 2.0594,
        "ebit": 1454.3,
        "equityEarningsAffiliates": -24,
        "grossIncome": 3170,
        "interestExpense": 213.2,
        "interestIncomeExpense": -216.4,
        "minorityInterest": -7.7,
        "netIncome": 838.6,
        "netIncomeAfterTaxes": 870.3,
        "nonRecurringItems": -154,
        "otherOperatingExpensesTotal": -1.7,
        "period": "2024-12-31",
        "pretaxIncome": 1132.8,
        "provisionforIncomeTaxes": 262.5,
        "researchDevelopment": 116.6,
        "revenue": 7235,
        "sgaExpense": 1227.8,
        "totalOperatingExpense": 1715.7,
        "totalOtherIncomeExpenseNet": 48.9,
        "year": 2024
      },
      {
        "costOfGoodsSold": 3993.9,
        "depreciationAmortization": 367.5,
        "dilutedAverageSharesOutstanding": 409,
        "dilutedEPS": 1.9039,
        "ebit": 1241.5,
        "equityEarningsAffiliates": -6,
        "grossIncome": 2882.2,
        "interestExpense": 156.7,
        "interestIncomeExpense": -161.8,
        "minorityInterest": -6.4,
        "netIncome": 778.7,
        "netIncomeAfterTaxes": 791.1,
        "nonRecurringItems": -85.6,
        "otherOperatingExpensesTotal": 0.5,
        "period": "2023-12-31",
        "pretaxIncome": 1031.1,
        "provisionforIncomeTaxes": 240,
        "researchDevelopment": 108,
        "revenue": 6876.1,
        "sgaExpense": 1164.7,
        "totalOperatingExpense": 1640.7,
        "totalOtherIncomeExpenseNet": 37,
        "year": 2023
      },
      {
        "costOfGoodsSold": 3590.7,
        "depreciationAmortization": 347.6,
        "dilutedAverageSharesOutstanding": 410.2,
        "dilutedEPS": 1.47,
        "ebit": 879.4,
        "equityEarningsAffiliates": 0.7,
        "grossIncome": 2325.6,
        "interestExpense": 103.2,
        "interestIncomeExpense": -97.3,
        "minorityInterest": -3.8,
        "netIncome": 604.7,
        "netIncomeAfterTaxes": 592.6,
        "nonRecurringItems": -69.1,
        "otherOperatingExpensesTotal": 2.8,
        "period": "2022-12-31",
        "pretaxIncome": 742.2,
        "provisionforIncomeTaxes": 149.6,
        "revenue": 5916.3,
        "sgaExpense": 1095.8,
        "totalOperatingExpense": 1446.2,
        "totalOtherIncomeExpenseNet": 29.2,
        "year": 2022
      },
      {
        "costOfGoodsSold": 3163.9,
        "depreciationAmortization": 332.9,
        "dilutedAverageSharesOutstanding": 421.2,
        "dilutedEPS": 1.33,
        "ebit": 622.4,
        "equityEarningsAffiliates": -11.4,
        "grossIncome": 1988.5,
        "interestExpense": 87.7,
        "interestIncomeExpense": -75.7,
        "minorityInterest": -2.5,
        "netIncome": 562.5,
        "netIncomeAfterTaxes": 534.8,
        "nonRecurringItems": -77.7,
        "otherOperatingExpensesTotal": 5.2,
        "period": "2021-12-31",
        "pretaxIncome": 513,
        "provisionforIncomeTaxes": -21.8,
        "revenue": 5152.4,
        "sgaExpense": 1028,
        "totalOperatingExpense": 1366.1,
        "totalOtherIncomeExpenseNet": 44,
        "year": 2021
      },
      {
        "costOfGoodsSold": 2568.3,
        "depreciationAmortization": 335.1,
        "dilutedAverageSharesOutstanding": 382.8,
        "dilutedEPS": -0.08,
        "ebit": 274.4,
        "equityEarningsAffiliates": 0,
        "grossIncome": 1404.9,
        "interestExpense": 111.1,
        "interestIncomeExpense": -129.7,
        "minorityInterest": -0.9,
        "netIncome": -33.3,
        "netIncomeAfterTaxes": -56.8,
        "nonRecurringItems": -198.2,
        "otherOperatingExpensesTotal": 6.1,
        "period": "2020-12-31",
        "pretaxIncome": -45.4,
        "provisionforIncomeTaxes": 11.4,
        "revenue": 3973.2,
        "sgaExpense": 789.3,
        "totalOperatingExpense": 1130.5,
        "totalOtherIncomeExpenseNet": 8.1,
        "year": 2020
      },
      {
        "costOfGoodsSold": 1239.2,
        "depreciationAmortization": 105.3,
        "dilutedAverageSharesOutstanding": 208.9,
        "dilutedEPS": 0.76,
        "ebit": 260.3,
        "equityEarningsAffiliates": 0,
        "grossIncome": 778.3,
        "interestExpense": 88.4,
        "interestIncomeExpense": -95.7,
        "minorityInterest": 0,
        "netIncome": 159.1,
        "netIncomeAfterTaxes": 97.3,
        "nonRecurringItems": -59.1,
        "otherOperatingExpensesTotal": 3.1,
        "period": "2019-12-31",
        "pretaxIncome": 110.2,
        "provisionforIncomeTaxes": 12.9,
        "revenue": 2017.5,
        "sgaExpense": 409.6,
        "totalOperatingExpense": 518,
        "totalOtherIncomeExpenseNet": 4.7,
        "year": 2019
      },
      {
        "costOfGoodsSold": 1677.3,
        "depreciationAmortization": 125.8,
        "dilutedAverageSharesOutstanding": 209.1,
        "dilutedEPS": 1.28,
        "ebit": 453,
        "grossIncome": 1012.5,
        "interestExpense": 99.6,
        "interestIncomeExpense": -97.7,
        "minorityInterest": 0,
        "netIncome": 269.4,
        "netIncomeAfterTaxes": 170.5,
        "nonRecurringItems": -13,
        "otherOperatingExpensesTotal": 1.4,
        "period": "2018-12-31",
        "pretaxIncome": 349.5,
        "provisionforIncomeTaxes": 179,
        "revenue": 2689.8,
        "sgaExpense": 432.3,
        "totalOperatingExpense": 559.5,
        "totalOtherIncomeExpenseNet": 7.2,
        "year": 2018
      },
      {
        "costOfGoodsSold": 1477.5,
        "depreciationAmortization": 118.9,
        "dilutedAverageSharesOutstanding": 188.4,
        "dilutedEPS": 0.09,
        "ebit": 124.9,
        "grossIncome": 897.9,
        "interestExpense": 138.6,
        "interestIncomeExpense": -150,
        "minorityInterest": -0.1,
        "netIncome": 18.4,
        "netIncomeAfterTaxes": 27.8,
        "nonRecurringItems": -91.4,
        "otherOperatingExpensesTotal": 13.3,
        "period": "2017-12-31",
        "pretaxIncome": -112.7,
        "provisionforIncomeTaxes": -140.5,
        "revenue": 2375.4,
        "sgaExpense": 640.8,
        "totalOperatingExpense": 773,
        "totalOtherIncomeExpenseNet": 3.8,
        "year": 2017
      },
      {
        "costOfGoodsSold": 1222.7,
        "depreciationAmortization": 124.2,
        "dilutedAverageSharesOutstanding": 189.7,
        "dilutedEPS": -0.19,
        "ebit": 156.6,
        "grossIncome": 716.7,
        "interestExpense": 170.557,
        "interestIncomeExpense": -164.4,
        "minorityInterest": -5.3,
        "netIncome": -36.6,
        "netIncomeAfterTaxes": -31.3,
        "nonRecurringItems": -58.2,
        "otherOperatingExpensesTotal": 21.6,
        "period": "2016-12-31",
        "pretaxIncome": -63.2,
        "provisionforIncomeTaxes": -31.9,
        "revenue": 1939.4,
        "sgaExpense": 414.3,
        "totalOperatingExpense": 560.1,
        "totalOtherIncomeExpenseNet": 2.8,
        "year": 2016
      },
      {
        "costOfGoodsSold": 1347.8,
        "depreciationAmortization": 115.4,
        "dilutedAverageSharesOutstanding": 189.7,
        "dilutedEPS": -1.85,
        "ebit": 221.9,
        "grossIncome": 779.1,
        "interestExpense": 163.133,
        "interestIncomeExpense": -164,
        "minorityInterest": 0.8,
        "netIncome": -351.2,
        "netIncomeAfterTaxes": -352,
        "nonRecurringItems": -426.2,
        "otherOperatingExpensesTotal": 14.9,
        "period": "2015-12-31",
        "pretaxIncome": -366.7,
        "provisionforIncomeTaxes": -14.7,
        "revenue": 2126.9,
        "sgaExpense": 427,
        "totalOperatingExpense": 557.2,
        "totalOtherIncomeExpenseNet": 1.5,
        "year": 2015
      }
    ],
    "symbol": "IR"
  }
}