{
  "symbol": "CPT",
  "statement": "ic",
  "frequency": "annual",
  "timestamp": "2025-09-19T13:57:18.856832",
  "data": {
    "financials": [
      {
        "costOfGoodsSold": 599.336,
        "depreciationAmortization": 582.014,
        "dilutedAverageSharesOutstanding": 108.539,
        "dilutedEPS": 1.5018,
        "ebit": 297.264,
        "gainLossOnDispositionOfAssets": 43.806,
        "grossIncome": 944.506,
        "interestExpense": 129.815,
        "interestIncomeExpense": -125.395,
        "minorityInterest": -7.547,
        "netIncome": 162.998,
        "netIncomeAfterTaxes": 170.84,
        "nonRecurringItems": -41.909,
        "otherOperatingExpensesTotal": -7.137,
        "period": "2024-12-31",
        "pretaxIncome": 173.766,
        "provisionforIncomeTaxes": 2.926,
        "revenue": 1543.842,
        "sgaExpense": 72.365,
        "totalOperatingExpense": 647.242,
        "year": 2024
      },
      {
        "costOfGoodsSold": 584.343,
        "depreciationAmortization": 574.813,
        "dilutedAverageSharesOutstanding": 109.399,
        "dilutedEPS": 3.6998,
        "ebit": 323.816,
        "gainLossOnDispositionOfAssets": 225.416,
        "grossIncome": 957.684,
        "interestExpense": 133.395,
        "interestIncomeExpense": -132.516,
        "minorityInterest": -7.244,
        "netIncome": 402.663,
        "netIncomeAfterTaxes": 410.553,
        "nonRecurringItems": -2.513,
        "otherOperatingExpensesTotal": -3.451,
        "period": "2023-12-31",
        "pretaxIncome": 414.203,
        "provisionforIncomeTaxes": 3.65,
        "revenue": 1542.027,
        "sgaExpense": 62.506,
        "totalOperatingExpense": 633.868,
        "year": 2023
      },
      {
        "costOfGoodsSold": 529.198,
        "depreciationAmortization": 577.02,
        "dilutedAverageSharesOutstanding": 108.388,
        "dilutedEPS": 6.0346,
        "ebit": 261.313,
        "gainLossOnDispositionOfAssets": 36.372,
        "grossIncome": 893.558,
        "interestExpense": 113.424,
        "interestIncomeExpense": -107.357,
        "minorityInterest": -7.895,
        "netIncome": 652.623,
        "netIncomeAfterTaxes": 661.508,
        "nonRecurringItems": 474.146,
        "otherOperatingExpensesTotal": -5.188,
        "period": "2022-12-31",
        "pretaxIncome": 664.474,
        "provisionforIncomeTaxes": 2.966,
        "revenue": 1422.756,
        "sgaExpense": 60.413,
        "totalOperatingExpense": 632.245,
        "year": 2022
      },
      {
        "costOfGoodsSold": 447.875,
        "depreciationAmortization": 420.692,
        "dilutedAverageSharesOutstanding": 102.829,
        "dilutedEPS": 2.9617,
        "ebit": 226.182,
        "gainLossOnDispositionOfAssets": 174.384,
        "grossIncome": 695.71,
        "interestExpense": 97.297,
        "interestIncomeExpense": -86.297,
        "minorityInterest": -8.469,
        "netIncome": 303.362,
        "netIncomeAfterTaxes": 312.376,
        "nonRecurringItems": 0,
        "otherOperatingExpensesTotal": -10.532,
        "period": "2021-12-31",
        "pretaxIncome": 314.269,
        "provisionforIncomeTaxes": 1.893,
        "revenue": 1143.585,
        "sgaExpense": 59.368,
        "totalOperatingExpense": 469.528,
        "year": 2021
      },
      {
        "costOfGoodsSold": 423,
        "depreciationAmortization": 367.2,
        "dilutedAverageSharesOutstanding": 99.4,
        "dilutedEPS": 1.24,
        "ebit": 210.9,
        "gainLossOnDispositionOfAssets": 0.4,
        "grossIncome": 620.9,
        "interestExpense": 91.526,
        "interestIncomeExpense": -80.5,
        "minorityInterest": -4.7,
        "netIncome": 123.7,
        "netIncomeAfterTaxes": 128.6,
        "nonRecurringItems": -0.2,
        "otherOperatingExpensesTotal": -10.8,
        "period": "2020-12-31",
        "pretaxIncome": 130.6,
        "provisionforIncomeTaxes": 2,
        "revenue": 1043.8,
        "sgaExpense": 53.6,
        "totalOperatingExpense": 409.9,
        "year": 2020
      },
      {
        "costOfGoodsSold": 397.4,
        "depreciationAmortization": 336.3,
        "dilutedAverageSharesOutstanding": 99.4,
        "dilutedEPS": 2.22,
        "ebit": 250.3,
        "gainLossOnDispositionOfAssets": 49.9,
        "grossIncome": 631.1,
        "interestExpense": 80.706,
        "interestIncomeExpense": -62.8,
        "minorityInterest": -4.6,
        "netIncome": 219.1,
        "netIncomeAfterTaxes": 224.3,
        "nonRecurringItems": -12,
        "otherOperatingExpensesTotal": -8.7,
        "period": "2019-12-31",
        "pretaxIncome": 225.4,
        "provisionforIncomeTaxes": 1.1,
        "revenue": 1028.5,
        "sgaExpense": 53.2,
        "totalOperatingExpense": 380.8,
        "year": 2019
      },
      {
        "costOfGoodsSold": 373.6,
        "depreciationAmortization": 300.9,
        "dilutedAverageSharesOutstanding": 95.4,
        "dilutedEPS": 1.63,
        "ebit": 236.5,
        "gainLossOnDispositionOfAssets": 0,
        "grossIncome": 580.9,
        "interestExpense": 84.263,
        "interestIncomeExpense": -74.4,
        "minorityInterest": -4.6,
        "netIncome": 155,
        "netIncomeAfterTaxes": 160.7,
        "nonRecurringItems": 0,
        "otherOperatingExpensesTotal": -7.2,
        "period": "2018-12-31",
        "pretaxIncome": 162.1,
        "provisionforIncomeTaxes": 1.4,
        "revenue": 954.5,
        "sgaExpense": 50.7,
        "totalOperatingExpense": 344.4,
        "year": 2018
      },
      {
        "costOfGoodsSold": 358.4,
        "depreciationAmortization": 264,
        "dilutedAverageSharesOutstanding": 92.5,
        "dilutedEPS": 2.12,
        "ebit": 236,
        "gainLossOnDispositionOfAssets": 43.2,
        "grossIncome": 542.5,
        "interestExpense": 86.75,
        "interestIncomeExpense": -76.9,
        "minorityInterest": -4.4,
        "netIncome": 195.8,
        "netIncomeAfterTaxes": 200.9,
        "nonRecurringItems": -0.3,
        "otherOperatingExpensesTotal": -8.2,
        "period": "2017-12-31",
        "pretaxIncome": 202.1,
        "provisionforIncomeTaxes": 1.2,
        "revenue": 900.9,
        "sgaExpense": 50.6,
        "totalOperatingExpense": 306.5,
        "year": 2017
      },
      {
        "costOfGoodsSold": 340.3,
        "depreciationAmortization": 250.1,
        "dilutedAverageSharesOutstanding": 89.9,
        "dilutedEPS": 9.04,
        "ebit": 245.4,
        "gainLossOnDispositionOfAssets": 295.4,
        "grossIncome": 536.1,
        "interestExpense": 93.145,
        "interestIncomeExpense": -83.8,
        "minorityInterest": -18.4,
        "netIncome": 813.5,
        "netIncomeAfterTaxes": 455.4,
        "nonRecurringItems": 0,
        "otherOperatingExpensesTotal": -6.9,
        "period": "2016-12-31",
        "pretaxIncome": 457,
        "provisionforIncomeTaxes": 1.6,
        "revenue": 876.4,
        "sgaExpense": 47.4,
        "totalOperatingExpense": 290.8,
        "year": 2016
      },
      {
        "costOfGoodsSold": 328.8,
        "depreciationAmortization": 240.9,
        "dilutedAverageSharesOutstanding": 89.5,
        "dilutedEPS": 2.76,
        "ebit": 226.6,
        "gainLossOnDispositionOfAssets": 104.3,
        "grossIncome": 506.8,
        "interestExpense": 97.312,
        "interestIncomeExpense": -90.5,
        "minorityInterest": -8.9,
        "netIncome": 247.3,
        "netIncomeAfterTaxes": 238.5,
        "nonRecurringItems": 0,
        "otherOperatingExpensesTotal": -7,
        "period": "2015-12-31",
        "pretaxIncome": 240.4,
        "provisionforIncomeTaxes": 1.9,
        "revenue": 835.6,
        "sgaExpense": 46.2,
        "totalOperatingExpense": 280.2,
        "year": 2015
      }
    ],
    "symbol": "CPT"
  }
}