{
  "symbol": "LVS",
  "statement": "ic",
  "frequency": "annual",
  "timestamp": "2025-09-19T14:03:05.401531",
  "data": {
    "financials": [
      {
        "costOfGoodsSold": 5777,
        "depreciationAmortization": 1368,
        "dilutedAverageSharesOutstanding": 737,
        "dilutedEPS": 1.96,
        "ebit": 2452,
        "grossIncome": 5521,
        "interestExpense": 727,
        "interestIncomeExpense": -452,
        "minorityInterest": -306,
        "netIncome": 1446,
        "netIncomeAfterTaxes": 1752,
        "nonRecurringItems": -50,
        "period": "2024-12-31",
        "pretaxIncome": 1960,
        "provisionforIncomeTaxes": 208,
        "researchDevelopment": 228,
        "revenue": 11298,
        "sgaExpense": 1473,
        "totalOperatingExpense": 3069,
        "totalOtherIncomeExpenseNet": 10,
        "year": 2024
      },
      {
        "costOfGoodsSold": 5205,
        "depreciationAmortization": 1266,
        "dilutedAverageSharesOutstanding": 765,
        "dilutedEPS": 1.6,
        "ebit": 2340,
        "grossIncome": 5167,
        "interestExpense": 818,
        "interestIncomeExpense": -530,
        "minorityInterest": -210,
        "netIncome": 1221,
        "netIncomeAfterTaxes": 1431,
        "nonRecurringItems": -27,
        "period": "2023-12-31",
        "pretaxIncome": 1775,
        "provisionforIncomeTaxes": 344,
        "researchDevelopment": 205,
        "revenue": 10372,
        "sgaExpense": 1356,
        "totalOperatingExpense": 2827,
        "totalOtherIncomeExpenseNet": -8,
        "year": 2023
      },
      {
        "costOfGoodsSold": 2460,
        "depreciationAmortization": 1091,
        "dilutedAverageSharesOutstanding": 764,
        "dilutedEPS": 2.39,
        "ebit": -783,
        "grossIncome": 1650,
        "interestExpense": 702,
        "interestIncomeExpense": -586,
        "minorityInterest": 475,
        "netIncome": 1832,
        "netIncomeAfterTaxes": -1541,
        "nonRecurringItems": -9,
        "period": "2022-12-31",
        "pretaxIncome": -1387,
        "provisionforIncomeTaxes": 154,
        "researchDevelopment": 143,
        "revenue": 4110,
        "sgaExpense": 1199,
        "totalOperatingExpense": 2433,
        "totalOtherIncomeExpenseNet": -9,
        "year": 2022
      },
      {
        "costOfGoodsSold": 2626,
        "depreciationAmortization": 1097,
        "dilutedAverageSharesOutstanding": 764,
        "dilutedEPS": -1.25,
        "ebit": -662,
        "grossIncome": 1608,
        "interestExpense": 621,
        "interestIncomeExpense": -617,
        "minorityInterest": 315,
        "netIncome": -961,
        "netIncomeAfterTaxes": -1469,
        "nonRecurringItems": -164,
        "period": "2021-12-31",
        "pretaxIncome": -1474,
        "provisionforIncomeTaxes": -5,
        "researchDevelopment": 109,
        "revenue": 4234,
        "sgaExpense": 1064,
        "totalOperatingExpense": 2270,
        "totalOtherIncomeExpenseNet": -31,
        "year": 2021
      },
      {
        "costOfGoodsSold": 2119,
        "depreciationAmortization": 1052,
        "dilutedAverageSharesOutstanding": 764,
        "dilutedEPS": -2.2,
        "ebit": -1320,
        "grossIncome": 821,
        "interestExpense": 523,
        "interestIncomeExpense": -502,
        "minorityInterest": 458,
        "netIncome": -1685,
        "netIncomeAfterTaxes": -1900,
        "nonRecurringItems": -73,
        "period": "2020-12-31",
        "pretaxIncome": -1876,
        "provisionforIncomeTaxes": 24,
        "researchDevelopment": 18,
        "revenue": 2940,
        "sgaExpense": 1071,
        "totalOperatingExpense": 2141,
        "totalOtherIncomeExpenseNet": 19,
        "year": 2020
      },
      {
        "costOfGoodsSold": 6099,
        "depreciationAmortization": 1071,
        "dilutedAverageSharesOutstanding": 771,
        "dilutedEPS": 3.49,
        "ebit": 3446,
        "grossIncome": 6028,
        "interestExpense": 449,
        "interestIncomeExpense": -375,
        "minorityInterest": -606,
        "netIncome": 2698,
        "netIncomeAfterTaxes": 3168,
        "nonRecurringItems": 473,
        "period": "2019-12-31",
        "pretaxIncome": 3600,
        "provisionforIncomeTaxes": 432,
        "researchDevelopment": 24,
        "revenue": 12127,
        "sgaExpense": 1487,
        "totalOperatingExpense": 2582,
        "totalOtherIncomeExpenseNet": 56,
        "year": 2019
      },
      {
        "costOfGoodsSold": 6974,
        "depreciationAmortization": 1146,
        "dilutedAverageSharesOutstanding": 786,
        "dilutedEPS": 3.06,
        "ebit": 3901,
        "grossIncome": 6755,
        "interestExpense": 446,
        "interestIncomeExpense": -387,
        "minorityInterest": -538,
        "netIncome": 2413,
        "netIncomeAfterTaxes": 3008,
        "nonRecurringItems": -214,
        "period": "2018-12-31",
        "pretaxIncome": 3326,
        "provisionforIncomeTaxes": 318,
        "researchDevelopment": 12,
        "revenue": 13729,
        "sgaExpense": 1696,
        "totalOperatingExpense": 2854,
        "totalOtherIncomeExpenseNet": 26,
        "year": 2018
      },
      {
        "costOfGoodsSold": 6329,
        "depreciationAmortization": 1208,
        "dilutedAverageSharesOutstanding": 792,
        "dilutedEPS": 3.54,
        "ebit": 3484,
        "grossIncome": 6399,
        "interestExpense": 327,
        "interestIncomeExpense": -311,
        "minorityInterest": -455,
        "netIncome": 2808,
        "netIncomeAfterTaxes": 2737,
        "nonRecurringItems": -25,
        "period": "2017-12-31",
        "pretaxIncome": 3054,
        "provisionforIncomeTaxes": 317,
        "researchDevelopment": 13,
        "revenue": 12728,
        "sgaExpense": 1694,
        "totalOperatingExpense": 2915,
        "totalOtherIncomeExpenseNet": -94,
        "year": 2017
      },
      {
        "costOfGoodsSold": 5686,
        "depreciationAmortization": 1149,
        "dilutedAverageSharesOutstanding": 795,
        "dilutedEPS": 2.11,
        "ebit": 2581,
        "grossIncome": 5585,
        "interestExpense": 274,
        "interestIncomeExpense": -264,
        "minorityInterest": -346,
        "netIncome": 1679,
        "netIncomeAfterTaxes": 2025,
        "nonRecurringItems": -84,
        "period": "2016-12-31",
        "pretaxIncome": 2264,
        "provisionforIncomeTaxes": 239,
        "researchDevelopment": 9,
        "revenue": 11271,
        "sgaExpense": 1846,
        "totalOperatingExpense": 3004,
        "totalOtherIncomeExpenseNet": 31,
        "year": 2016
      },
      {
        "costOfGoodsSold": 6117.09,
        "depreciationAmortization": 1037.564,
        "dilutedAverageSharesOutstanding": 797.596,
        "dilutedEPS": 2.47,
        "ebit": 2876.707,
        "grossIncome": 5571.371,
        "interestExpense": 265.22,
        "interestIncomeExpense": -250.135,
        "minorityInterest": -419.461,
        "netIncome": 1966.236,
        "netIncomeAfterTaxes": 2385.697,
        "nonRecurringItems": -35.232,
        "period": "2015-12-31",
        "pretaxIncome": 2621.882,
        "provisionforIncomeTaxes": 236.185,
        "researchDevelopment": 10.372,
        "revenue": 11688.461,
        "sgaExpense": 1646.728,
        "totalOperatingExpense": 2694.664,
        "totalOtherIncomeExpenseNet": 30.542,
        "year": 2015
      }
    ],
    "symbol": "LVS"
  }
}