{
  "symbol": "WELL",
  "statement": "ic",
  "frequency": "annual",
  "timestamp": "2025-09-19T14:08:46.933362",
  "data": {
    "financials": [
      {
        "costOfGoodsSold": 4782.249,
        "depreciationAmortization": 1637.945,
        "dilutedAverageSharesOutstanding": 608.75,
        "dilutedEPS": 1.56,
        "ebit": 1165.739,
        "equityEarningsAffiliates": -0.496,
        "grossIncome": 3208.869,
        "interestExpense": 574.261,
        "interestIncomeExpense": -546.374,
        "minorityInterest": -21.177,
        "netIncome": 951.68,
        "netIncomeAfterTaxes": 521.742,
        "nonRecurringItems": -94.923,
        "otherOperatingExpensesTotal": 117.459,
        "period": "2024-12-31",
        "pretaxIncome": 524.442,
        "provisionforIncomeTaxes": 2.7,
        "revenue": 7991.118,
        "sgaExpense": 287.726,
        "totalOperatingExpense": 2043.13,
        "year": 2024
      },
      {
        "costOfGoodsSold": 3919.952,
        "depreciationAmortization": 1406.955,
        "dilutedAverageSharesOutstanding": 518.701,
        "dilutedEPS": 0.65,
        "ebit": 991.877,
        "equityEarningsAffiliates": -53.442,
        "grossIncome": 2718.043,
        "interestExpense": 607.846,
        "interestIncomeExpense": -605.726,
        "minorityInterest": -18.045,
        "netIncome": 340.094,
        "netIncomeAfterTaxes": 343.683,
        "nonRecurringItems": -36.104,
        "otherOperatingExpensesTotal": 108.341,
        "period": "2023-12-31",
        "pretaxIncome": 350.047,
        "provisionforIncomeTaxes": 6.364,
        "revenue": 6637.995,
        "sgaExpense": 210.87,
        "totalOperatingExpense": 1726.166,
        "year": 2023
      },
      {
        "costOfGoodsSold": 3529.783,
        "depreciationAmortization": 1317.205,
        "dilutedAverageSharesOutstanding": 465.158,
        "dilutedEPS": 0.3,
        "ebit": 729.097,
        "equityEarningsAffiliates": -21.29,
        "grossIncome": 2330.832,
        "interestExpense": 529.519,
        "interestIncomeExpense": -537.853,
        "minorityInterest": -19.354,
        "netIncome": 141.214,
        "netIncomeAfterTaxes": 165.815,
        "nonRecurringItems": -18.182,
        "otherOperatingExpensesTotal": 101.67,
        "period": "2022-12-31",
        "pretaxIncome": 173.062,
        "provisionforIncomeTaxes": 7.247,
        "revenue": 5860.615,
        "sgaExpense": 182.86,
        "totalOperatingExpense": 1601.735,
        "year": 2022
      },
      {
        "costOfGoodsSold": 2743.815,
        "depreciationAmortization": 1045.671,
        "dilutedAverageSharesOutstanding": 426.841,
        "dilutedEPS": 0.78,
        "ebit": 754.251,
        "equityEarningsAffiliates": -22.933,
        "grossIncome": 1998.3,
        "interestExpense": 489.853,
        "interestIncomeExpense": -482.52,
        "minorityInterest": -38.341,
        "netIncome": 336.138,
        "netIncomeAfterTaxes": 162.037,
        "nonRecurringItems": -100.981,
        "otherOperatingExpensesTotal": 41.739,
        "period": "2021-12-31",
        "pretaxIncome": 170.75,
        "provisionforIncomeTaxes": 8.713,
        "revenue": 4742.115,
        "sgaExpense": 156.639,
        "totalOperatingExpense": 1244.049,
        "year": 2021
      },
      {
        "costOfGoodsSold": 2566.148,
        "depreciationAmortization": 1046.64,
        "dilutedAverageSharesOutstanding": 415.451,
        "dilutedEPS": 2.35,
        "ebit": 676.542,
        "equityEarningsAffiliates": -8.083,
        "grossIncome": 2039.819,
        "interestExpense": 514.388,
        "interestIncomeExpense": -525.437,
        "minorityInterest": -60.008,
        "netIncome": 978.844,
        "netIncomeAfterTaxes": -41.52,
        "nonRecurringItems": -182.657,
        "otherOperatingExpensesTotal": 70.335,
        "period": "2020-12-31",
        "pretaxIncome": -31.552,
        "provisionforIncomeTaxes": 9.968,
        "revenue": 4605.967,
        "sgaExpense": 246.302,
        "totalOperatingExpense": 1363.277,
        "year": 2020
      },
      {
        "costOfGoodsSold": 2657.081,
        "depreciationAmortization": 1034.868,
        "dilutedAverageSharesOutstanding": 403.808,
        "dilutedEPS": 3.05,
        "ebit": 1206.34,
        "equityEarningsAffiliates": 42.434,
        "grossIncome": 2464.225,
        "interestExpense": 555.559,
        "interestIncomeExpense": -551.16,
        "minorityInterest": -97.978,
        "netIncome": 1232.432,
        "netIncomeAfterTaxes": 539.935,
        "nonRecurringItems": -112.288,
        "otherOperatingExpensesTotal": 52.612,
        "period": "2019-12-31",
        "pretaxIncome": 542.892,
        "provisionforIncomeTaxes": 2.957,
        "revenue": 5121.306,
        "sgaExpense": 170.405,
        "totalOperatingExpense": 1257.885,
        "year": 2019
      },
      {
        "costOfGoodsSold": 2433.017,
        "depreciationAmortization": 950.459,
        "dilutedAverageSharesOutstanding": 375.25,
        "dilutedEPS": 2.02,
        "ebit": 1077.742,
        "equityEarningsAffiliates": -0.641,
        "grossIncome": 2267.482,
        "interestExpense": 526.592,
        "interestIncomeExpense": -522.576,
        "minorityInterest": -24.796,
        "netIncome": 758.25,
        "netIncomeAfterTaxes": 414.816,
        "nonRecurringItems": -131.676,
        "otherOperatingExpensesTotal": 112.898,
        "period": "2018-12-31",
        "pretaxIncome": 423.49,
        "provisionforIncomeTaxes": 8.674,
        "revenue": 4700.499,
        "sgaExpense": 126.383,
        "totalOperatingExpense": 1189.74,
        "year": 2018
      },
      {
        "costOfGoodsSold": 2083.925,
        "depreciationAmortization": 921.72,
        "dilutedAverageSharesOutstanding": 369.001,
        "dilutedEPS": 1.25,
        "ebit": 948.246,
        "equityEarningsAffiliates": -83.125,
        "grossIncome": 2232.716,
        "interestExpense": 484.622,
        "interestIncomeExpense": -486.906,
        "minorityInterest": -17.839,
        "netIncome": 463.595,
        "netIncomeAfterTaxes": 279.488,
        "nonRecurringItems": -161.724,
        "otherOperatingExpensesTotal": 177.776,
        "period": "2017-12-31",
        "pretaxIncome": 299.616,
        "provisionforIncomeTaxes": 20.128,
        "revenue": 4316.641,
        "sgaExpense": 184.974,
        "totalOperatingExpense": 1284.47,
        "year": 2017
      },
      {
        "costOfGoodsSold": 1876.983,
        "depreciationAmortization": 901.242,
        "dilutedAverageSharesOutstanding": 360.227,
        "dilutedEPS": 2.81,
        "ebit": 1325.481,
        "equityEarningsAffiliates": -10.357,
        "grossIncome": 2404.177,
        "interestExpense": 521.345,
        "interestIncomeExpense": -518.897,
        "minorityInterest": -4.267,
        "netIncome": 1012.397,
        "netIncomeAfterTaxes": 728.381,
        "nonRecurringItems": -97.331,
        "otherOperatingExpensesTotal": 11.998,
        "period": "2016-12-31",
        "pretaxIncome": 709.253,
        "provisionforIncomeTaxes": -19.128,
        "revenue": 4281.16,
        "sgaExpense": 165.456,
        "totalOperatingExpense": 1078.696,
        "year": 2016
      },
      {
        "costOfGoodsSold": 1622.257,
        "depreciationAmortization": 826.24,
        "dilutedAverageSharesOutstanding": 349.424,
        "dilutedEPS": 2.34,
        "ebit": 1217.682,
        "equityEarningsAffiliates": -21.504,
        "grossIncome": 2237.569,
        "interestExpense": 492.169,
        "interestIncomeExpense": -433.742,
        "minorityInterest": -4.799,
        "netIncome": 818.344,
        "netIncomeAfterTaxes": 629.666,
        "nonRecurringItems": -147.823,
        "otherOperatingExpensesTotal": 46.231,
        "period": "2015-12-31",
        "pretaxIncome": 636.117,
        "provisionforIncomeTaxes": 6.451,
        "revenue": 3859.826,
        "sgaExpense": 147.416,
        "totalOperatingExpense": 1019.887,
        "year": 2015
      }
    ],
    "symbol": "WELL"
  }
}