{
  "symbol": "PSKY",
  "statement": "ic",
  "frequency": "annual",
  "timestamp": "2025-09-19T14:05:16.664240",
  "data": {
    "financials": [
      {
        "costOfGoodsSold": 19437,
        "depreciationAmortization": 392,
        "dilutedAverageSharesOutstanding": 664,
        "dilutedEPS": -9.34,
        "ebit": 2726,
        "equityEarningsAffiliates": -291,
        "grossIncome": 9776,
        "interestExpense": 860,
        "interestIncomeExpense": -773,
        "minorityInterest": -41,
        "netIncome": -6204,
        "netIncomeAfterTaxes": -5872,
        "nonRecurringItems": -7995,
        "period": "2024-12-31",
        "pretaxIncome": -6177,
        "provisionforIncomeTaxes": -305,
        "revenue": 29213,
        "sgaExpense": 6658,
        "totalOperatingExpense": 7050,
        "totalOtherIncomeExpenseNet": -135,
        "year": 2024
      },
      {
        "costOfGoodsSold": 20016,
        "depreciationAmortization": 418,
        "dilutedAverageSharesOutstanding": 652,
        "dilutedEPS": -1.02,
        "ebit": 1973,
        "equityEarningsAffiliates": -360,
        "grossIncome": 9636,
        "interestExpense": 920,
        "interestIncomeExpense": -681,
        "minorityInterest": -32,
        "netIncome": -666,
        "netIncomeAfterTaxes": -892,
        "nonRecurringItems": -2395,
        "period": "2023-12-31",
        "pretaxIncome": -1253,
        "provisionforIncomeTaxes": -361,
        "revenue": 29652,
        "sgaExpense": 7245,
        "totalOperatingExpense": 7663,
        "totalOtherIncomeExpenseNet": -150,
        "year": 2023
      },
      {
        "costOfGoodsSold": 19845,
        "depreciationAmortization": 405,
        "dilutedAverageSharesOutstanding": 650,
        "dilutedEPS": 1.6,
        "ebit": 2871,
        "equityEarningsAffiliates": -204,
        "grossIncome": 10309,
        "interestExpense": 931,
        "interestIncomeExpense": -890,
        "minorityInterest": -110,
        "netIncome": 1046,
        "netIncomeAfterTaxes": 1039,
        "nonRecurringItems": -649,
        "period": "2022-12-31",
        "pretaxIncome": 1266,
        "provisionforIncomeTaxes": 227,
        "revenue": 30154,
        "sgaExpense": 7033,
        "totalOperatingExpense": 7438,
        "totalOtherIncomeExpenseNet": -66,
        "year": 2022
      },
      {
        "costOfGoodsSold": 17744,
        "depreciationAmortization": 390,
        "dilutedAverageSharesOutstanding": 655,
        "dilutedEPS": 6.86,
        "ebit": 4054,
        "equityEarningsAffiliates": -91,
        "grossIncome": 10842,
        "interestExpense": 986,
        "interestIncomeExpense": -912,
        "minorityInterest": -88,
        "netIncome": 4499,
        "netIncomeAfterTaxes": 4560,
        "nonRecurringItems": 2115,
        "period": "2021-12-31",
        "pretaxIncome": 5206,
        "provisionforIncomeTaxes": 646,
        "revenue": 28586,
        "sgaExpense": 6398,
        "totalOperatingExpense": 6788,
        "totalOtherIncomeExpenseNet": -51,
        "year": 2021
      },
      {
        "costOfGoodsSold": 14833,
        "depreciationAmortization": 405,
        "dilutedAverageSharesOutstanding": 618,
        "dilutedEPS": 3.91,
        "ebit": 4727,
        "equityEarningsAffiliates": -28,
        "grossIncome": 10452,
        "interestExpense": 1031,
        "interestIncomeExpense": -800,
        "minorityInterest": -279,
        "netIncome": 2422,
        "netIncomeAfterTaxes": 2612,
        "nonRecurringItems": -714,
        "period": "2020-12-31",
        "pretaxIncome": 3147,
        "provisionforIncomeTaxes": 535,
        "revenue": 25285,
        "sgaExpense": 5320,
        "totalOperatingExpense": 5725,
        "totalOtherIncomeExpenseNet": -66,
        "year": 2020
      },
      {
        "costOfGoodsSold": 16713,
        "depreciationAmortization": 438,
        "dilutedAverageSharesOutstanding": 617,
        "dilutedEPS": 5.36,
        "ebit": 4366,
        "equityEarningsAffiliates": -53,
        "grossIncome": 10285,
        "interestExpense": 962,
        "interestIncomeExpense": -829,
        "minorityInterest": -31,
        "netIncome": 3308,
        "netIncomeAfterTaxes": 3208,
        "nonRecurringItems": -220,
        "period": "2019-12-31",
        "pretaxIncome": 3223,
        "provisionforIncomeTaxes": 15,
        "revenue": 26998,
        "sgaExpense": 5481,
        "totalOperatingExpense": 5919,
        "totalOtherIncomeExpenseNet": -94,
        "year": 2019
      },
      {
        "costOfGoodsSold": 15399,
        "depreciationAmortization": 427,
        "dilutedAverageSharesOutstanding": 621,
        "dilutedEPS": 5.56,
        "ebit": 5551,
        "equityEarningsAffiliates": -47,
        "grossIncome": 11026,
        "interestExpense": 1030,
        "interestIncomeExpense": -1004,
        "minorityInterest": -37,
        "netIncome": 3455,
        "netIncomeAfterTaxes": 3324,
        "nonRecurringItems": -471,
        "period": "2018-12-31",
        "pretaxIncome": 3984,
        "provisionforIncomeTaxes": 660,
        "revenue": 26425,
        "sgaExpense": 5048,
        "totalOperatingExpense": 5475,
        "totalOtherIncomeExpenseNet": -92,
        "year": 2018
      },
      {
        "costOfGoodsSold": 15483,
        "depreciationAmortization": 443,
        "dilutedAverageSharesOutstanding": 647,
        "dilutedEPS": 3.58,
        "ebit": 5453,
        "equityEarningsAffiliates": 4,
        "grossIncome": 11052,
        "interestExpense": 1088,
        "interestIncomeExpense": -716,
        "minorityInterest": -52,
        "netIncome": 2321,
        "netIncomeAfterTaxes": 3324,
        "nonRecurringItems": -150,
        "period": "2017-12-31",
        "pretaxIncome": 4120,
        "provisionforIncomeTaxes": 796,
        "revenue": 26535,
        "sgaExpense": 5156,
        "totalOperatingExpense": 5599,
        "totalOtherIncomeExpenseNet": -467,
        "year": 2017
      },
      {
        "costOfGoodsSold": 7956,
        "depreciationAmortization": 225,
        "dilutedAverageSharesOutstanding": 448,
        "dilutedEPS": 2.81,
        "ebit": 2940,
        "equityEarningsAffiliates": -50,
        "grossIncome": 5210,
        "interestExpense": 411,
        "interestIncomeExpense": -379,
        "netIncome": 1261,
        "netIncomeAfterTaxes": 1602,
        "nonRecurringItems": -249,
        "otherOperatingExpensesTotal": -9,
        "period": "2016-12-31",
        "pretaxIncome": 2230,
        "provisionforIncomeTaxes": 628,
        "revenue": 13166,
        "sgaExpense": 2054,
        "totalOperatingExpense": 2270,
        "totalOtherIncomeExpenseNet": -82,
        "year": 2016
      },
      {
        "costOfGoodsSold": 7911,
        "depreciationAmortization": 235,
        "dilutedAverageSharesOutstanding": 489,
        "dilutedEPS": 2.88,
        "ebit": 2703,
        "equityEarningsAffiliates": -34,
        "grossIncome": 4760,
        "interestExpense": 399,
        "interestIncomeExpense": -346,
        "netIncome": 1413,
        "netIncomeAfterTaxes": 1588,
        "nonRecurringItems": -45,
        "otherOperatingExpensesTotal": -139,
        "period": "2015-12-31",
        "pretaxIncome": 2264,
        "provisionforIncomeTaxes": 676,
        "revenue": 12671,
        "sgaExpense": 1961,
        "totalOperatingExpense": 2057,
        "totalOtherIncomeExpenseNet": -48,
        "year": 2015
      }
    ],
    "symbol": "PSKY"
  }
}