{
  "symbol": "NEM",
  "statement": "ic",
  "frequency": "annual",
  "timestamp": "2025-09-19T14:04:32.019459",
  "data": {
    "financials": [
      {
        "costOfGoodsSold": 8963,
        "depreciationAmortization": 2560,
        "dilutedAverageSharesOutstanding": 1148,
        "dilutedEPS": 2.91,
        "ebit": 5889,
        "equityEarningsAffiliates": 133,
        "gainLossOnDispositionOfAssets": -35,
        "grossIncome": 9719,
        "interestExpense": 375,
        "interestIncomeExpense": -25,
        "minorityInterest": -33,
        "netIncome": 3348,
        "netIncomeAfterTaxes": 3180,
        "nonRecurringItems": -1318,
        "otherOperatingExpensesTotal": 37,
        "period": "2024-12-31",
        "pretaxIncome": 4577,
        "provisionforIncomeTaxes": 1397,
        "researchDevelopment": 463,
        "revenue": 18682,
        "sgaExpense": 770,
        "totalOperatingExpense": 3830,
        "totalOtherIncomeExpenseNet": 66,
        "year": 2024
      },
      {
        "costOfGoodsSold": 6699,
        "depreciationAmortization": 2093,
        "dilutedAverageSharesOutstanding": 841,
        "dilutedEPS": -2.96,
        "ebit": 702,
        "equityEarningsAffiliates": 63,
        "gainLossOnDispositionOfAssets": 197,
        "grossIncome": 5113,
        "interestExpense": 243,
        "interestIncomeExpense": -395,
        "minorityInterest": -27,
        "netIncome": -2494,
        "netIncomeAfterTaxes": -2557,
        "nonRecurringItems": -2365,
        "otherOperatingExpensesTotal": 21,
        "period": "2023-12-31",
        "pretaxIncome": -2031,
        "provisionforIncomeTaxes": 526,
        "researchDevelopment": 465,
        "revenue": 11812,
        "sgaExpense": 1832,
        "totalOperatingExpense": 4411,
        "totalOtherIncomeExpenseNet": -170,
        "year": 2023
      },
      {
        "costOfGoodsSold": 6468,
        "depreciationAmortization": 2132,
        "dilutedAverageSharesOutstanding": 794,
        "dilutedEPS": -0.54,
        "ebit": 1640,
        "equityEarningsAffiliates": 107,
        "gainLossOnDispositionOfAssets": 35,
        "grossIncome": 5447,
        "interestExpense": 227,
        "interestIncomeExpense": -200,
        "minorityInterest": -60,
        "netIncome": -429,
        "netIncomeAfterTaxes": -506,
        "nonRecurringItems": -1437,
        "otherOperatingExpensesTotal": 18,
        "period": "2022-12-31",
        "pretaxIncome": -51,
        "provisionforIncomeTaxes": 455,
        "researchDevelopment": 460,
        "revenue": 11915,
        "sgaExpense": 1197,
        "totalOperatingExpense": 3807,
        "totalOtherIncomeExpenseNet": -89,
        "year": 2022
      },
      {
        "costOfGoodsSold": 5435,
        "depreciationAmortization": 2304,
        "dilutedAverageSharesOutstanding": 801,
        "dilutedEPS": 1.45,
        "ebit": 1989,
        "equityEarningsAffiliates": 166,
        "gainLossOnDispositionOfAssets": 170,
        "grossIncome": 6787,
        "interestExpense": 274,
        "interestIncomeExpense": -326,
        "minorityInterest": 933,
        "netIncome": 1166,
        "netIncomeAfterTaxes": 10,
        "nonRecurringItems": -744,
        "otherOperatingExpensesTotal": 26,
        "period": "2021-12-31",
        "pretaxIncome": 1108,
        "provisionforIncomeTaxes": 1098,
        "researchDevelopment": 363,
        "revenue": 12222,
        "sgaExpense": 2105,
        "totalOperatingExpense": 4798,
        "totalOtherIncomeExpenseNet": 19,
        "year": 2021
      },
      {
        "costOfGoodsSold": 5014,
        "depreciationAmortization": 2300,
        "dilutedAverageSharesOutstanding": 806,
        "dilutedEPS": 3.5,
        "ebit": 3224,
        "equityEarningsAffiliates": 189,
        "gainLossOnDispositionOfAssets": 677,
        "grossIncome": 6483,
        "interestExpense": 308,
        "interestIncomeExpense": -105,
        "minorityInterest": 38,
        "netIncome": 2829,
        "netIncomeAfterTaxes": 2439,
        "nonRecurringItems": -588,
        "otherOperatingExpensesTotal": 15,
        "period": "2020-12-31",
        "pretaxIncome": 3143,
        "provisionforIncomeTaxes": 704,
        "researchDevelopment": 309,
        "revenue": 11497,
        "sgaExpense": 635,
        "totalOperatingExpense": 3259,
        "totalOtherIncomeExpenseNet": -65,
        "year": 2020
      },
      {
        "costOfGoodsSold": 5195,
        "depreciationAmortization": 1960,
        "dilutedAverageSharesOutstanding": 737,
        "dilutedEPS": 3.8,
        "ebit": 1541,
        "equityEarningsAffiliates": 95,
        "gainLossOnDispositionOfAssets": 30,
        "grossIncome": 4545,
        "interestExpense": 301,
        "interestIncomeExpense": -85,
        "minorityInterest": -79,
        "netIncome": 2805,
        "netIncomeAfterTaxes": 2861,
        "nonRecurringItems": 2144,
        "otherOperatingExpensesTotal": 36,
        "period": "2019-12-31",
        "pretaxIncome": 3693,
        "provisionforIncomeTaxes": 832,
        "researchDevelopment": 415,
        "revenue": 9740,
        "sgaExpense": 593,
        "totalOperatingExpense": 3004,
        "totalOtherIncomeExpenseNet": 63,
        "year": 2019
      },
      {
        "costOfGoodsSold": 4093,
        "depreciationAmortization": 1215,
        "dilutedAverageSharesOutstanding": 535,
        "dilutedEPS": 0.63,
        "ebit": 1179,
        "equityEarningsAffiliates": -33,
        "gainLossOnDispositionOfAssets": 100,
        "grossIncome": 3160,
        "interestExpense": 207,
        "interestIncomeExpense": -159,
        "minorityInterest": -39,
        "netIncome": 341,
        "netIncomeAfterTaxes": 304,
        "nonRecurringItems": -431,
        "otherOperatingExpensesTotal": 9,
        "period": "2018-12-31",
        "pretaxIncome": 738,
        "provisionforIncomeTaxes": 434,
        "researchDevelopment": 350,
        "revenue": 7253,
        "sgaExpense": 407,
        "totalOperatingExpense": 1981,
        "totalOtherIncomeExpenseNet": 49,
        "year": 2018
      },
      {
        "costOfGoodsSold": 4062,
        "depreciationAmortization": 1261,
        "dilutedAverageSharesOutstanding": 533,
        "dilutedEPS": -0.21,
        "ebit": 1289,
        "equityEarningsAffiliates": -16,
        "gainLossOnDispositionOfAssets": 23,
        "grossIncome": 3317,
        "interestExpense": 241,
        "interestIncomeExpense": -241,
        "minorityInterest": -5,
        "netIncome": -114,
        "netIncomeAfterTaxes": 651,
        "nonRecurringItems": -30,
        "otherOperatingExpensesTotal": 16,
        "period": "2017-12-31",
        "pretaxIncome": 1072,
        "provisionforIncomeTaxes": 421,
        "researchDevelopment": 322,
        "revenue": 7379,
        "sgaExpense": 429,
        "totalOperatingExpense": 2028,
        "totalOtherIncomeExpenseNet": 31,
        "year": 2017
      },
      {
        "costOfGoodsSold": 3738,
        "depreciationAmortization": 1213,
        "dilutedAverageSharesOutstanding": 530,
        "dilutedEPS": -1.18,
        "ebit": 1029,
        "equityEarningsAffiliates": -13,
        "gainLossOnDispositionOfAssets": 108,
        "grossIncome": 2942,
        "interestExpense": 273,
        "interestIncomeExpense": -271,
        "minorityInterest": 586,
        "netIncome": -629,
        "netIncomeAfterTaxes": -799,
        "nonRecurringItems": -1100,
        "otherOperatingExpensesTotal": 16,
        "period": "2016-12-31",
        "pretaxIncome": -220,
        "provisionforIncomeTaxes": 579,
        "researchDevelopment": 282,
        "revenue": 6680,
        "sgaExpense": 402,
        "totalOperatingExpense": 1913,
        "totalOtherIncomeExpenseNet": 14,
        "year": 2016
      },
      {
        "costOfGoodsSold": 3578,
        "depreciationAmortization": 1102,
        "dilutedAverageSharesOutstanding": 516,
        "dilutedEPS": 0.42,
        "ebit": 566,
        "equityEarningsAffiliates": -45,
        "gainLossOnDispositionOfAssets": 194,
        "grossIncome": 2507,
        "interestExpense": 297,
        "interestIncomeExpense": -266,
        "minorityInterest": 140,
        "netIncome": 220,
        "netIncomeAfterTaxes": -96,
        "nonRecurringItems": -224,
        "otherOperatingExpensesTotal": 63,
        "period": "2015-12-31",
        "pretaxIncome": 295,
        "provisionforIncomeTaxes": 391,
        "researchDevelopment": 282,
        "revenue": 6085,
        "sgaExpense": 494,
        "totalOperatingExpense": 1941,
        "totalOtherIncomeExpenseNet": 25,
        "year": 2015
      }
    ],
    "symbol": "NEM"
  }
}