{
  "symbol": "PSX",
  "statement": "ic",
  "frequency": "annual",
  "timestamp": "2025-09-19T14:05:32.272843",
  "data": {
    "financials": [
      {
        "costOfGoodsSold": 129962,
        "depreciationAmortization": 2110,
        "dilutedAverageSharesOutstanding": 421.888,
        "dilutedEPS": 4.99,
        "ebit": 2003,
        "gainLossOnDispositionOfAssets": 321,
        "grossIncome": 13191,
        "interestExpense": 907,
        "interestIncomeExpense": 1019,
        "minorityInterest": -58,
        "netIncome": 2107,
        "netIncomeAfterTaxes": 2175,
        "nonRecurringItems": -753,
        "otherOperatingExpensesTotal": 5935,
        "period": "2024-12-31",
        "pretaxIncome": 2675,
        "provisionforIncomeTaxes": 500,
        "revenue": 143153,
        "sgaExpense": 3143,
        "totalOperatingExpense": 11188,
        "totalOtherIncomeExpenseNet": 85,
        "year": 2024
      },
      {
        "costOfGoodsSold": 128086,
        "depreciationAmortization": 1977,
        "dilutedAverageSharesOutstanding": 453.21,
        "dilutedEPS": 15.45,
        "ebit": 8136,
        "gainLossOnDispositionOfAssets": 115,
        "grossIncome": 19313,
        "interestExpense": 897,
        "interestIncomeExpense": 1329,
        "minorityInterest": -224,
        "netIncome": 7004,
        "netIncomeAfterTaxes": 7239,
        "nonRecurringItems": -239,
        "otherOperatingExpensesTotal": 6183,
        "period": "2023-12-31",
        "pretaxIncome": 9469,
        "provisionforIncomeTaxes": 2230,
        "revenue": 147399,
        "sgaExpense": 3017,
        "totalOperatingExpense": 11177,
        "totalOtherIncomeExpenseNet": 128,
        "year": 2023
      },
      {
        "costOfGoodsSold": 149932,
        "depreciationAmortization": 1629,
        "dilutedAverageSharesOutstanding": 474,
        "dilutedEPS": 23.25,
        "ebit": 9597,
        "gainLossOnDispositionOfAssets": 7,
        "grossIncome": 20058,
        "interestExpense": 619,
        "interestIncomeExpense": 2007,
        "minorityInterest": -367,
        "netIncome": 11014,
        "netIncomeAfterTaxes": 11391,
        "nonRecurringItems": 2953,
        "otherOperatingExpensesTotal": 6134,
        "period": "2022-12-31",
        "pretaxIncome": 14639,
        "provisionforIncomeTaxes": 3248,
        "revenue": 169990,
        "sgaExpense": 2698,
        "totalOperatingExpense": 10461,
        "totalOtherIncomeExpenseNet": 75,
        "year": 2022
      },
      {
        "costOfGoodsSold": 102102,
        "depreciationAmortization": 1605,
        "dilutedAverageSharesOutstanding": 440,
        "dilutedEPS": 2.97,
        "ebit": 444,
        "gainLossOnDispositionOfAssets": 18,
        "grossIncome": 9374,
        "interestExpense": 581,
        "interestIncomeExpense": 2698,
        "minorityInterest": -277,
        "netIncome": 1306,
        "netIncomeAfterTaxes": 1594,
        "nonRecurringItems": -1498,
        "otherOperatingExpensesTotal": 5171,
        "period": "2021-12-31",
        "pretaxIncome": 1740,
        "provisionforIncomeTaxes": 146,
        "revenue": 111476,
        "sgaExpense": 2154,
        "totalOperatingExpense": 8930,
        "totalOtherIncomeExpenseNet": 78,
        "year": 2021
      },
      {
        "costOfGoodsSold": 57707,
        "depreciationAmortization": 1395,
        "dilutedAverageSharesOutstanding": 440,
        "dilutedEPS": -9.06,
        "ebit": -1566,
        "gainLossOnDispositionOfAssets": 108,
        "grossIncome": 6422,
        "interestExpense": 499,
        "interestIncomeExpense": 694,
        "minorityInterest": -261,
        "netIncome": -3983,
        "netIncomeAfterTaxes": -3714,
        "nonRecurringItems": -4252,
        "otherOperatingExpensesTotal": 4585,
        "period": "2020-12-31",
        "pretaxIncome": -4964,
        "provisionforIncomeTaxes": -1250,
        "revenue": 64129,
        "sgaExpense": 2008,
        "totalOperatingExpense": 7988,
        "totalOtherIncomeExpenseNet": 52,
        "year": 2020
      },
      {
        "costOfGoodsSold": 95690,
        "depreciationAmortization": 1341,
        "dilutedAverageSharesOutstanding": 454,
        "dilutedEPS": 6.76,
        "ebit": 3225,
        "gainLossOnDispositionOfAssets": 20,
        "grossIncome": 11753,
        "interestExpense": 458,
        "interestIncomeExpense": 1751,
        "minorityInterest": -301,
        "netIncome": 3070,
        "netIncomeAfterTaxes": 3419,
        "nonRecurringItems": -861,
        "otherOperatingExpensesTotal": 5097,
        "period": "2019-12-31",
        "pretaxIncome": 4178,
        "provisionforIncomeTaxes": 759,
        "revenue": 107443,
        "sgaExpense": 2090,
        "totalOperatingExpense": 8528,
        "totalOtherIncomeExpenseNet": 43,
        "year": 2019
      },
      {
        "costOfGoodsSold": 97994,
        "depreciationAmortization": 1356,
        "dilutedAverageSharesOutstanding": 474,
        "dilutedEPS": 11.79,
        "ebit": 4914,
        "gainLossOnDispositionOfAssets": 19,
        "grossIncome": 13275,
        "interestExpense": 504,
        "interestIncomeExpense": 2489,
        "minorityInterest": -278,
        "netIncome": 5589,
        "netIncomeAfterTaxes": 5909,
        "nonRecurringItems": -8,
        "otherOperatingExpensesTotal": 4903,
        "period": "2018-12-31",
        "pretaxIncome": 7445,
        "provisionforIncomeTaxes": 1536,
        "revenue": 111269,
        "sgaExpense": 2102,
        "totalOperatingExpense": 8361,
        "totalOtherIncomeExpenseNet": 31,
        "year": 2018
      },
      {
        "costOfGoodsSold": 92481,
        "depreciationAmortization": 1318,
        "dilutedAverageSharesOutstanding": 519,
        "dilutedEPS": 9.82,
        "ebit": 1978,
        "gainLossOnDispositionOfAssets": 15,
        "grossIncome": 10120,
        "interestExpense": 438,
        "interestIncomeExpense": 1123,
        "minorityInterest": -142,
        "netIncome": 5100,
        "netIncomeAfterTaxes": 2527,
        "nonRecurringItems": -24,
        "otherOperatingExpensesTotal": 4721,
        "period": "2017-12-31",
        "pretaxIncome": 3555,
        "provisionforIncomeTaxes": 1028,
        "revenue": 102601,
        "sgaExpense": 2103,
        "totalOperatingExpense": 8142,
        "totalOtherIncomeExpenseNet": 463,
        "year": 2017
      },
      {
        "costOfGoodsSold": 75911,
        "depreciationAmortization": 1168,
        "dilutedAverageSharesOutstanding": 530,
        "dilutedEPS": 2.92,
        "ebit": 1410,
        "gainLossOnDispositionOfAssets": 10,
        "grossIncome": 8819,
        "interestExpense": 338,
        "interestIncomeExpense": 749,
        "minorityInterest": -89,
        "netIncome": 1549,
        "netIncomeAfterTaxes": 1644,
        "nonRecurringItems": -5,
        "otherOperatingExpensesTotal": 4296,
        "period": "2016-12-31",
        "pretaxIncome": 2191,
        "provisionforIncomeTaxes": 547,
        "revenue": 84730,
        "sgaExpense": 1945,
        "totalOperatingExpense": 7409,
        "totalOtherIncomeExpenseNet": 27,
        "year": 2016
      },
      {
        "costOfGoodsSold": 87179,
        "depreciationAmortization": 1078,
        "dilutedAverageSharesOutstanding": 547,
        "dilutedEPS": 7.73,
        "ebit": 4436,
        "gainLossOnDispositionOfAssets": 283,
        "grossIncome": 11796,
        "interestExpense": 310,
        "interestIncomeExpense": 1241,
        "minorityInterest": -53,
        "netIncome": 4221,
        "netIncomeAfterTaxes": 4280,
        "nonRecurringItems": -7,
        "otherOperatingExpensesTotal": 4315,
        "period": "2015-12-31",
        "pretaxIncome": 6044,
        "provisionforIncomeTaxes": 1764,
        "revenue": 98975,
        "sgaExpense": 1967,
        "totalOperatingExpense": 7360,
        "totalOtherIncomeExpenseNet": 91,
        "year": 2015
      }
    ],
    "symbol": "PSX"
  }
}