{
  "symbol": "XEL",
  "statement": "ic",
  "frequency": "quarterly",
  "timestamp": "2025-09-19T14:09:02.151407",
  "data": {
    "financials": [
      {
        "costOfGoodsSold": 135,
        "depreciationAmortization": 722,
        "dilutedAverageSharesOutstanding": 588,
        "dilutedEPS": 0.7551,
        "ebit": 577,
        "grossIncome": 3152,
        "interestExpense": 322,
        "interestIncomeExpense": -330,
        "netIncome": 444,
        "netIncomeAfterTaxes": 444,
        "operationsMaintenance": 675,
        "otherOperatingExpensesTotal": 172,
        "otherRevenue": 13,
        "period": "2025-06-30",
        "pretaxIncome": 384,
        "provisionforIncomeTaxes": -60,
        "purchasedFuelPowerGas": 864,
        "revenue": 3287,
        "sgaExpense": 142,
        "totalOperatingExpense": 2575,
        "totalOtherIncomeExpenseNet": 137
      },
      {
        "costOfGoodsSold": 515,
        "depreciationAmortization": 728,
        "dilutedAverageSharesOutstanding": 577,
        "dilutedEPS": 0.8371,
        "ebit": 677,
        "grossIncome": 3391,
        "interestExpense": 309,
        "interestIncomeExpense": -310,
        "netIncome": 483,
        "netIncomeAfterTaxes": 483,
        "operationsMaintenance": 686,
        "otherOperatingExpensesTotal": 170,
        "otherRevenue": 16,
        "period": "2025-03-31",
        "pretaxIncome": 422,
        "provisionforIncomeTaxes": -61,
        "purchasedFuelPowerGas": 963,
        "revenue": 3906,
        "sgaExpense": 167,
        "totalOperatingExpense": 2714,
        "totalOtherIncomeExpenseNet": 55
      },
      {
        "costOfGoodsSold": 289,
        "depreciationAmortization": 702,
        "dilutedAverageSharesOutstanding": 575,
        "dilutedEPS": 0.807,
        "ebit": 347,
        "grossIncome": 2831,
        "interestExpense": 297,
        "interestIncomeExpense": -297,
        "netIncome": 464,
        "netIncomeAfterTaxes": 464,
        "nonRecurringItems": 0,
        "operationsMaintenance": 618,
        "otherOperatingExpensesTotal": 140,
        "otherRevenue": 15,
        "period": "2024-12-31",
        "pretaxIncome": 167,
        "provisionforIncomeTaxes": -297,
        "purchasedFuelPowerGas": 869,
        "revenue": 3120,
        "sgaExpense": 155,
        "totalOperatingExpense": 2484,
        "totalOtherIncomeExpenseNet": 117
      },
      {
        "costOfGoodsSold": 66,
        "depreciationAmortization": 681,
        "dilutedAverageSharesOutstanding": 565,
        "dilutedEPS": 1.2071,
        "ebit": 911,
        "grossIncome": 3578,
        "interestExpense": 305,
        "interestIncomeExpense": -302,
        "netIncome": 682,
        "netIncomeAfterTaxes": 682,
        "nonRecurringItems": 0,
        "operationsMaintenance": 655,
        "otherOperatingExpensesTotal": 159,
        "otherRevenue": 12,
        "period": "2024-09-30",
        "pretaxIncome": 692,
        "provisionforIncomeTaxes": 10,
        "purchasedFuelPowerGas": 1003,
        "revenue": 3644,
        "sgaExpense": 169,
        "totalOperatingExpense": 2667,
        "totalOtherIncomeExpenseNet": 83
      },
      {
        "costOfGoodsSold": 119,
        "depreciationAmortization": 703,
        "dilutedAverageSharesOutstanding": 557,
        "dilutedEPS": 0.5422,
        "ebit": 449,
        "grossIncome": 2909,
        "interestExpense": 303,
        "interestIncomeExpense": -295,
        "netIncome": 302,
        "netIncomeAfterTaxes": 302,
        "operationsMaintenance": 662,
        "otherOperatingExpensesTotal": 154,
        "otherRevenue": 14,
        "period": "2024-06-30",
        "pretaxIncome": 214,
        "provisionforIncomeTaxes": -88,
        "purchasedFuelPowerGas": 798,
        "revenue": 3028,
        "sgaExpense": 143,
        "totalOperatingExpense": 2460,
        "totalOtherIncomeExpenseNet": 60
      },
      {
        "costOfGoodsSold": 491,
        "depreciationAmortization": 658,
        "dilutedAverageSharesOutstanding": 556,
        "dilutedEPS": 0.8777,
        "ebit": 679,
        "grossIncome": 3158,
        "interestExpense": 277,
        "interestIncomeExpense": -269,
        "netIncome": 488,
        "netIncomeAfterTaxes": 488,
        "operationsMaintenance": 605,
        "otherOperatingExpensesTotal": 171,
        "otherRevenue": 23,
        "period": "2024-03-31",
        "pretaxIncome": 461,
        "provisionforIncomeTaxes": -27,
        "purchasedFuelPowerGas": 890,
        "revenue": 3649,
        "sgaExpense": 155,
        "totalOperatingExpense": 2479,
        "totalOtherIncomeExpenseNet": 51
      },
      {
        "costOfGoodsSold": 384,
        "depreciationAmortization": 641,
        "dilutedAverageSharesOutstanding": 555,
        "dilutedEPS": 0.7369,
        "ebit": 648,
        "grossIncome": 3058,
        "interestExpense": 242,
        "interestIncomeExpense": -234,
        "netIncome": 409,
        "netIncomeAfterTaxes": 409,
        "nonRecurringItems": -73,
        "operationsMaintenance": 580,
        "otherOperatingExpensesTotal": 168,
        "otherRevenue": 28,
        "period": "2023-12-31",
        "pretaxIncome": 364,
        "provisionforIncomeTaxes": -45,
        "purchasedFuelPowerGas": 891,
        "revenue": 3442,
        "sgaExpense": 130,
        "totalOperatingExpense": 2410,
        "totalOtherIncomeExpenseNet": 23
      },
      {
        "costOfGoodsSold": 84,
        "depreciationAmortization": 618,
        "dilutedAverageSharesOutstanding": 552,
        "dilutedEPS": 1.1884,
        "ebit": 949,
        "grossIncome": 3578,
        "interestExpense": 247,
        "interestIncomeExpense": -240,
        "netIncome": 656,
        "netIncomeAfterTaxes": 656,
        "nonRecurringItems": -34,
        "operationsMaintenance": 586,
        "otherOperatingExpensesTotal": 168,
        "otherRevenue": 30,
        "period": "2023-09-30",
        "pretaxIncome": 696,
        "provisionforIncomeTaxes": 40,
        "purchasedFuelPowerGas": 1120,
        "revenue": 3662,
        "sgaExpense": 137,
        "totalOperatingExpense": 2629,
        "totalOtherIncomeExpenseNet": 21
      },
      {
        "costOfGoodsSold": 181,
        "depreciationAmortization": 565,
        "dilutedAverageSharesOutstanding": 552,
        "dilutedEPS": 0.5217,
        "ebit": 418,
        "grossIncome": 2841,
        "interestExpense": 248,
        "interestIncomeExpense": -239,
        "netIncome": 288,
        "netIncomeAfterTaxes": 288,
        "operationsMaintenance": 628,
        "otherOperatingExpensesTotal": 137,
        "otherRevenue": 28,
        "period": "2023-06-30",
        "pretaxIncome": 200,
        "provisionforIncomeTaxes": -88,
        "purchasedFuelPowerGas": 969,
        "revenue": 3022,
        "sgaExpense": 124,
        "totalOperatingExpense": 2423,
        "totalOtherIncomeExpenseNet": 21
      },
      {
        "costOfGoodsSold": 856,
        "depreciationAmortization": 624,
        "dilutedAverageSharesOutstanding": 551,
        "dilutedEPS": 0.7586,
        "ebit": 573,
        "grossIncome": 3224,
        "interestExpense": 235,
        "interestIncomeExpense": -224,
        "netIncome": 418,
        "netIncomeAfterTaxes": 418,
        "operationsMaintenance": 650,
        "otherOperatingExpensesTotal": 184,
        "otherRevenue": 29,
        "period": "2023-03-31",
        "pretaxIncome": 365,
        "provisionforIncomeTaxes": -53,
        "purchasedFuelPowerGas": 1057,
        "revenue": 4080,
        "sgaExpense": 136,
        "totalOperatingExpense": 2651,
        "totalOtherIncomeExpenseNet": 16
      },
      {
        "costOfGoodsSold": 788,
        "depreciationAmortization": 606,
        "dilutedAverageSharesOutstanding": 550,
        "dilutedEPS": 0.6891,
        "ebit": 525,
        "grossIncome": 3265,
        "interestExpense": 232,
        "interestIncomeExpense": -223,
        "netIncome": 379,
        "netIncomeAfterTaxes": 379,
        "operationsMaintenance": 664,
        "otherOperatingExpensesTotal": 165,
        "otherRevenue": 28,
        "period": "2022-12-31",
        "pretaxIncome": 324,
        "provisionforIncomeTaxes": -55,
        "purchasedFuelPowerGas": 1174,
        "revenue": 4053,
        "sgaExpense": 131,
        "totalOperatingExpense": 2740,
        "totalOtherIncomeExpenseNet": 22
      },
      {
        "costOfGoodsSold": 184,
        "depreciationAmortization": 607,
        "dilutedAverageSharesOutstanding": 548,
        "dilutedEPS": 1.1843,
        "ebit": 924,
        "grossIncome": 3898,
        "interestExpense": 229,
        "interestIncomeExpense": -228,
        "netIncome": 649,
        "netIncomeAfterTaxes": 649,
        "operationsMaintenance": 611,
        "otherOperatingExpensesTotal": 173,
        "otherRevenue": 26,
        "period": "2022-09-30",
        "pretaxIncome": 693,
        "provisionforIncomeTaxes": 44,
        "purchasedFuelPowerGas": 1438,
        "revenue": 4082,
        "sgaExpense": 145,
        "totalOperatingExpense": 2974,
        "totalOtherIncomeExpenseNet": -3
      },
      {
        "costOfGoodsSold": 262,
        "depreciationAmortization": 638,
        "dilutedAverageSharesOutstanding": 546,
        "dilutedEPS": 0.6007,
        "ebit": 469,
        "grossIncome": 3162,
        "interestExpense": 232,
        "interestIncomeExpense": -221,
        "netIncome": 328,
        "netIncomeAfterTaxes": 328,
        "operationsMaintenance": 614,
        "otherOperatingExpensesTotal": 179,
        "otherRevenue": 25,
        "period": "2022-06-30",
        "pretaxIncome": 254,
        "provisionforIncomeTaxes": -74,
        "purchasedFuelPowerGas": 1121,
        "revenue": 3424,
        "sgaExpense": 141,
        "totalOperatingExpense": 2693,
        "totalOtherIncomeExpenseNet": 6
      },
      {
        "costOfGoodsSold": 720,
        "depreciationAmortization": 562,
        "dilutedAverageSharesOutstanding": 545,
        "dilutedEPS": 0.6973,
        "ebit": 510,
        "grossIncome": 3031,
        "interestExpense": 202,
        "interestIncomeExpense": -187,
        "netIncome": 380,
        "netIncomeAfterTaxes": 380,
        "operationsMaintenance": 602,
        "otherOperatingExpensesTotal": 171,
        "otherRevenue": 28,
        "period": "2022-03-31",
        "pretaxIncome": 330,
        "provisionforIncomeTaxes": -50,
        "purchasedFuelPowerGas": 1031,
        "revenue": 3751,
        "sgaExpense": 155,
        "totalOperatingExpense": 2521,
        "totalOtherIncomeExpenseNet": 7
      },
      {
        "costOfGoodsSold": 488,
        "depreciationAmortization": 535,
        "dilutedAverageSharesOutstanding": 543,
        "dilutedEPS": 0.5801,
        "ebit": 433,
        "grossIncome": 2867,
        "interestExpense": 199,
        "interestIncomeExpense": -184,
        "netIncome": 315,
        "netIncomeAfterTaxes": 315,
        "nonRecurringItems": -3,
        "operationsMaintenance": 569,
        "otherOperatingExpensesTotal": 158,
        "otherRevenue": 25,
        "period": "2021-12-31",
        "pretaxIncome": 262,
        "provisionforIncomeTaxes": -53,
        "purchasedFuelPowerGas": 1009,
        "revenue": 3355,
        "sgaExpense": 163,
        "totalOperatingExpense": 2434,
        "totalOtherIncomeExpenseNet": 16
      },
      {
        "costOfGoodsSold": 97,
        "depreciationAmortization": 537,
        "dilutedAverageSharesOutstanding": 539,
        "dilutedEPS": 1.1299,
        "ebit": 825,
        "grossIncome": 3370,
        "interestExpense": 197,
        "interestIncomeExpense": -184,
        "netIncome": 609,
        "netIncomeAfterTaxes": 609,
        "nonRecurringItems": -4,
        "operationsMaintenance": 568,
        "otherOperatingExpensesTotal": 152,
        "otherRevenue": 23,
        "period": "2021-09-30",
        "pretaxIncome": 652,
        "provisionforIncomeTaxes": 43,
        "purchasedFuelPowerGas": 1154,
        "revenue": 3467,
        "sgaExpense": 134,
        "totalOperatingExpense": 2545,
        "totalOtherIncomeExpenseNet": 15
      },
      {
        "costOfGoodsSold": 227,
        "depreciationAmortization": 528,
        "dilutedAverageSharesOutstanding": 539,
        "dilutedEPS": 0.577,
        "ebit": 438,
        "grossIncome": 2841,
        "interestExpense": 199,
        "interestIncomeExpense": -179,
        "netIncome": 311,
        "netIncomeAfterTaxes": 311,
        "operationsMaintenance": 600,
        "otherOperatingExpensesTotal": 157,
        "otherRevenue": 22,
        "period": "2021-06-30",
        "pretaxIncome": 273,
        "provisionforIncomeTaxes": -38,
        "purchasedFuelPowerGas": 991,
        "revenue": 3068,
        "sgaExpense": 127,
        "totalOperatingExpense": 2403,
        "totalOtherIncomeExpenseNet": 14
      },
      {
        "costOfGoodsSold": 307,
        "depreciationAmortization": 521,
        "dilutedAverageSharesOutstanding": 539,
        "dilutedEPS": 0.67,
        "ebit": 507,
        "grossIncome": 3234,
        "interestExpense": 193,
        "interestIncomeExpense": -179,
        "netIncome": 362,
        "netIncomeAfterTaxes": 362,
        "operationsMaintenance": 584,
        "otherOperatingExpensesTotal": 163,
        "otherRevenue": 24,
        "period": "2021-03-31",
        "pretaxIncome": 340,
        "provisionforIncomeTaxes": -22,
        "purchasedFuelPowerGas": 1386,
        "revenue": 3541,
        "sgaExpense": 73,
        "totalOperatingExpense": 2727,
        "totalOtherIncomeExpenseNet": 12
      },
      {
        "costOfGoodsSold": 273,
        "depreciationAmortization": 499,
        "dilutedAverageSharesOutstanding": 531,
        "dilutedEPS": 0.54,
        "ebit": 426,
        "grossIncome": 2674,
        "interestExpense": 196,
        "interestIncomeExpense": -185,
        "netIncome": 288,
        "netIncomeAfterTaxes": 288,
        "operationsMaintenance": 616,
        "otherOperatingExpensesTotal": 159,
        "otherRevenue": 21,
        "period": "2020-12-31",
        "pretaxIncome": 258,
        "provisionforIncomeTaxes": -30,
        "purchasedFuelPowerGas": 901,
        "revenue": 2947,
        "sgaExpense": 73,
        "totalOperatingExpense": 2248,
        "totalOtherIncomeExpenseNet": 17
      },
      {
        "costOfGoodsSold": 65,
        "depreciationAmortization": 513,
        "dilutedAverageSharesOutstanding": 528,
        "dilutedEPS": 1.14,
        "ebit": 813,
        "grossIncome": 3117,
        "interestExpense": 203,
        "interestIncomeExpense": -191,
        "netIncome": 603,
        "netIncomeAfterTaxes": 603,
        "operationsMaintenance": 579,
        "otherOperatingExpensesTotal": 158,
        "otherRevenue": 22,
        "period": "2020-09-30",
        "pretaxIncome": 646,
        "provisionforIncomeTaxes": 43,
        "purchasedFuelPowerGas": 981,
        "revenue": 3182,
        "sgaExpense": 73,
        "totalOperatingExpense": 2304,
        "totalOtherIncomeExpenseNet": 24
      },
      {
        "costOfGoodsSold": 94,
        "depreciationAmortization": 473,
        "dilutedAverageSharesOutstanding": 527,
        "dilutedEPS": 0.54,
        "ebit": 422,
        "grossIncome": 2492,
        "interestExpense": 189,
        "interestIncomeExpense": -183,
        "netIncome": 287,
        "netIncomeAfterTaxes": 287,
        "operationsMaintenance": 550,
        "otherOperatingExpensesTotal": 146,
        "otherRevenue": 20,
        "period": "2020-06-30",
        "pretaxIncome": 274,
        "provisionforIncomeTaxes": -13,
        "purchasedFuelPowerGas": 833,
        "revenue": 2586,
        "sgaExpense": 68,
        "totalOperatingExpense": 2070,
        "totalOtherIncomeExpenseNet": 35
      },
      {
        "costOfGoodsSold": 294,
        "depreciationAmortization": 463,
        "dilutedAverageSharesOutstanding": 527,
        "dilutedEPS": 0.56,
        "ebit": 461,
        "grossIncome": 2517,
        "interestExpense": 182,
        "interestIncomeExpense": -177,
        "netIncome": 295,
        "netIncomeAfterTaxes": 295,
        "operationsMaintenance": 579,
        "otherOperatingExpensesTotal": 149,
        "otherRevenue": 26,
        "period": "2020-03-31",
        "pretaxIncome": 289,
        "provisionforIncomeTaxes": -6,
        "purchasedFuelPowerGas": 791,
        "revenue": 2811,
        "sgaExpense": 74,
        "totalOperatingExpense": 2056,
        "totalOtherIncomeExpenseNet": 5
      },
      {
        "costOfGoodsSold": 284,
        "depreciationAmortization": 446,
        "dilutedAverageSharesOutstanding": 526,
        "dilutedEPS": 0.56,
        "ebit": 453,
        "grossIncome": 2514,
        "interestExpense": 178,
        "interestIncomeExpense": -171,
        "netIncome": 292,
        "netIncomeAfterTaxes": 292,
        "operationsMaintenance": 566,
        "otherOperatingExpensesTotal": 140,
        "otherRevenue": 21,
        "period": "2019-12-31",
        "pretaxIncome": 299,
        "provisionforIncomeTaxes": 7,
        "purchasedFuelPowerGas": 770,
        "revenue": 2798,
        "sgaExpense": 139,
        "totalOperatingExpense": 2061,
        "totalOtherIncomeExpenseNet": 17
      },
      {
        "costOfGoodsSold": 64,
        "depreciationAmortization": 447,
        "dilutedAverageSharesOutstanding": 521,
        "dilutedEPS": 1.01,
        "ebit": 758,
        "grossIncome": 2949,
        "interestExpense": 186,
        "interestIncomeExpense": -176,
        "netIncome": 527,
        "netIncomeAfterTaxes": 527,
        "operationsMaintenance": 571,
        "otherOperatingExpensesTotal": 137,
        "otherRevenue": 21,
        "period": "2019-09-30",
        "pretaxIncome": 599,
        "provisionforIncomeTaxes": 72,
        "purchasedFuelPowerGas": 894,
        "revenue": 3013,
        "sgaExpense": 142,
        "totalOperatingExpense": 2191,
        "totalOtherIncomeExpenseNet": 17
      },
      {
        "costOfGoodsSold": 122,
        "depreciationAmortization": 439,
        "dilutedAverageSharesOutstanding": 518,
        "dilutedEPS": 0.46,
        "ebit": 411,
        "grossIncome": 2455,
        "interestExpense": 173,
        "interestIncomeExpense": -165,
        "netIncome": 238,
        "netIncomeAfterTaxes": 238,
        "operationsMaintenance": 578,
        "otherOperatingExpensesTotal": 142,
        "otherRevenue": 25,
        "period": "2019-06-30",
        "pretaxIncome": 262,
        "provisionforIncomeTaxes": 24,
        "purchasedFuelPowerGas": 759,
        "revenue": 2577,
        "sgaExpense": 126,
        "totalOperatingExpense": 2044,
        "totalOtherIncomeExpenseNet": 16
      },
      {
        "costOfGoodsSold": 489,
        "depreciationAmortization": 433,
        "dilutedAverageSharesOutstanding": 516,
        "dilutedEPS": 0.61,
        "ebit": 489,
        "grossIncome": 2652,
        "interestExpense": 173,
        "interestIncomeExpense": -167,
        "netIncome": 315,
        "netIncomeAfterTaxes": 315,
        "operationsMaintenance": 588,
        "otherOperatingExpensesTotal": 150,
        "otherRevenue": 23,
        "period": "2019-03-31",
        "pretaxIncome": 340,
        "provisionforIncomeTaxes": 25,
        "purchasedFuelPowerGas": 859,
        "revenue": 3141,
        "sgaExpense": 133,
        "totalOperatingExpense": 2163,
        "totalOtherIncomeExpenseNet": 18
      },
      {
        "costOfGoodsSold": 313,
        "depreciationAmortization": 443,
        "dilutedAverageSharesOutstanding": 514,
        "dilutedEPS": 0.42,
        "ebit": 341,
        "grossIncome": 2567,
        "interestExpense": 121,
        "interestIncomeExpense": -113,
        "netIncome": 214,
        "netIncomeAfterTaxes": 214,
        "operationsMaintenance": 623,
        "otherOperatingExpensesTotal": 139,
        "otherRevenue": 22,
        "period": "2018-12-31",
        "pretaxIncome": 208,
        "provisionforIncomeTaxes": -6,
        "purchasedFuelPowerGas": 947,
        "revenue": 2880,
        "sgaExpense": 74,
        "totalOperatingExpense": 2226,
        "totalOtherIncomeExpenseNet": -20
      },
      {
        "costOfGoodsSold": 67,
        "depreciationAmortization": 440,
        "dilutedAverageSharesOutstanding": 511,
        "dilutedEPS": 0.96,
        "ebit": 696,
        "grossIncome": 2981,
        "interestExpense": 170,
        "interestIncomeExpense": -157,
        "netIncome": 491,
        "netIncomeAfterTaxes": 491,
        "operationsMaintenance": 593,
        "otherOperatingExpensesTotal": 135,
        "otherRevenue": 24,
        "period": "2018-09-30",
        "pretaxIncome": 564,
        "provisionforIncomeTaxes": 73,
        "purchasedFuelPowerGas": 1040,
        "revenue": 3048,
        "sgaExpense": 77,
        "totalOperatingExpense": 2285,
        "totalOtherIncomeExpenseNet": 25
      },
      {
        "costOfGoodsSold": 112,
        "depreciationAmortization": 377,
        "dilutedAverageSharesOutstanding": 510,
        "dilutedEPS": 0.52,
        "ebit": 450,
        "grossIncome": 2546,
        "interestExpense": 170,
        "interestIncomeExpense": -158,
        "netIncome": 265,
        "netIncomeAfterTaxes": 265,
        "operationsMaintenance": 578,
        "otherOperatingExpensesTotal": 137,
        "otherRevenue": 20,
        "period": "2018-06-30",
        "pretaxIncome": 319,
        "provisionforIncomeTaxes": 54,
        "purchasedFuelPowerGas": 935,
        "revenue": 2658,
        "sgaExpense": 69,
        "totalOperatingExpense": 2096,
        "totalOtherIncomeExpenseNet": 27
      },
      {
        "costOfGoodsSold": 381,
        "depreciationAmortization": 383,
        "dilutedAverageSharesOutstanding": 509.5,
        "dilutedEPS": 0.57,
        "ebit": 482,
        "grossIncome": 2570,
        "interestExpense": 166,
        "interestIncomeExpense": -157,
        "netIncome": 291,
        "netIncomeAfterTaxes": 291,
        "operationsMaintenance": 557,
        "otherOperatingExpensesTotal": 145,
        "otherRevenue": 22,
        "period": "2018-03-31",
        "pretaxIncome": 350,
        "provisionforIncomeTaxes": 59,
        "purchasedFuelPowerGas": 932,
        "revenue": 2951,
        "sgaExpense": 71,
        "totalOperatingExpense": 2088,
        "totalOtherIncomeExpenseNet": 25
      },
      {
        "costOfGoodsSold": 287,
        "depreciationAmortization": 377,
        "dilutedAverageSharesOutstanding": 512,
        "dilutedEPS": 0.36,
        "ebit": 441,
        "grossIncome": 2508,
        "interestExpense": 113,
        "interestIncomeExpense": -107,
        "netIncome": 189,
        "netIncomeAfterTaxes": 212,
        "operationsMaintenance": 582,
        "otherOperatingExpensesTotal": 134,
        "otherRevenue": 22,
        "period": "2017-12-31",
        "pretaxIncome": 307,
        "provisionforIncomeTaxes": 95,
        "purchasedFuelPowerGas": 907,
        "revenue": 2795,
        "sgaExpense": 67,
        "totalOperatingExpense": 2067,
        "totalOtherIncomeExpenseNet": -27
      },
      {
        "costOfGoodsSold": 72,
        "depreciationAmortization": 371,
        "dilutedAverageSharesOutstanding": 509,
        "dilutedEPS": 0.97,
        "ebit": 824,
        "grossIncome": 2945,
        "interestExpense": 163,
        "interestIncomeExpense": -150,
        "netIncome": 492,
        "netIncomeAfterTaxes": 492,
        "operationsMaintenance": 536,
        "otherOperatingExpensesTotal": 134,
        "otherRevenue": 20,
        "period": "2017-09-30",
        "pretaxIncome": 697,
        "provisionforIncomeTaxes": 205,
        "purchasedFuelPowerGas": 1006,
        "revenue": 3017,
        "sgaExpense": 74,
        "totalOperatingExpense": 2121,
        "totalOtherIncomeExpenseNet": 23
      },
      {
        "costOfGoodsSold": 122,
        "depreciationAmortization": 366,
        "dilutedAverageSharesOutstanding": 509.1,
        "dilutedEPS": 0.45,
        "ebit": 466,
        "grossIncome": 2523,
        "interestExpense": 162,
        "interestIncomeExpense": -153,
        "netIncome": 227,
        "netIncomeAfterTaxes": 227,
        "operationsMaintenance": 572,
        "otherOperatingExpensesTotal": 135,
        "otherRevenue": 23,
        "period": "2017-06-30",
        "pretaxIncome": 329,
        "provisionforIncomeTaxes": 102,
        "purchasedFuelPowerGas": 919,
        "revenue": 2645,
        "sgaExpense": 65,
        "totalOperatingExpense": 2057,
        "totalOtherIncomeExpenseNet": 16
      },
      {
        "costOfGoodsSold": 370,
        "depreciationAmortization": 365,
        "dilutedAverageSharesOutstanding": 508.8,
        "dilutedEPS": 0.47,
        "ebit": 496,
        "grossIncome": 2576,
        "interestExpense": 165,
        "interestIncomeExpense": -157,
        "netIncome": 239,
        "netIncomeAfterTaxes": 239,
        "operationsMaintenance": 580,
        "otherOperatingExpensesTotal": 142,
        "otherRevenue": 22,
        "period": "2017-03-31",
        "pretaxIncome": 356,
        "provisionforIncomeTaxes": 117,
        "purchasedFuelPowerGas": 925,
        "revenue": 2946,
        "sgaExpense": 68,
        "totalOperatingExpense": 2080,
        "totalOtherIncomeExpenseNet": 17
      },
      {
        "costOfGoodsSold": 261.9,
        "depreciationAmortization": 332.1,
        "dilutedAverageSharesOutstanding": 509.7,
        "dilutedEPS": 0.45,
        "ebit": 477.2,
        "grossIncome": 2532.8,
        "interestExpense": 148.661,
        "interestIncomeExpense": -148.9,
        "netIncome": 227.5,
        "netIncomeAfterTaxes": 227.5,
        "nonRecurringItems": 0,
        "operationsMaintenance": 562.2,
        "otherOperatingExpensesTotal": 131.1,
        "otherRevenue": 23.5,
        "period": "2016-12-31",
        "pretaxIncome": 337.2,
        "provisionforIncomeTaxes": 109.8,
        "purchasedFuelPowerGas": 962.6,
        "revenue": 2794.7,
        "sgaExpense": 67.5,
        "totalOperatingExpense": 2055.6,
        "totalOtherIncomeExpenseNet": 9
      },
      {
        "costOfGoodsSold": 76.2,
        "depreciationAmortization": 328.5,
        "dilutedAverageSharesOutstanding": 509.6,
        "dilutedEPS": 0.9,
        "ebit": 827.1,
        "grossIncome": 2963.9,
        "interestExpense": 152.265,
        "interestIncomeExpense": -141.2,
        "netIncome": 457.8,
        "netIncomeAfterTaxes": 457.8,
        "nonRecurringItems": 0,
        "operationsMaintenance": 590,
        "otherOperatingExpensesTotal": 117.2,
        "otherRevenue": 20,
        "period": "2016-09-30",
        "pretaxIncome": 696.2,
        "provisionforIncomeTaxes": 238.4,
        "purchasedFuelPowerGas": 1037.3,
        "revenue": 3040.1,
        "sgaExpense": 63.9,
        "totalOperatingExpense": 2136.9,
        "totalOtherIncomeExpenseNet": 10.3
      },
      {
        "costOfGoodsSold": 98.4,
        "depreciationAmortization": 322.5,
        "dilutedAverageSharesOutstanding": 509.5,
        "dilutedEPS": 0.39,
        "ebit": 431.6,
        "grossIncome": 2401.4,
        "interestExpense": 149.666,
        "interestIncomeExpense": -139.1,
        "netIncome": 196.8,
        "netIncomeAfterTaxes": 196.8,
        "nonRecurringItems": 0,
        "operationsMaintenance": 597,
        "otherOperatingExpensesTotal": 138.5,
        "otherRevenue": 17.3,
        "period": "2016-06-30",
        "pretaxIncome": 301.2,
        "provisionforIncomeTaxes": 104.4,
        "purchasedFuelPowerGas": 856,
        "revenue": 2499.8,
        "sgaExpense": 55.9,
        "totalOperatingExpense": 1969.9,
        "totalOtherIncomeExpenseNet": 8.6
      },
      {
        "costOfGoodsSold": 320.4,
        "depreciationAmortization": 320,
        "dilutedAverageSharesOutstanding": 509.2,
        "dilutedEPS": 0.47,
        "ebit": 489.9,
        "grossIncome": 2451.9,
        "interestExpense": 144.117,
        "interestIncomeExpense": -126.9,
        "netIncome": 241.3,
        "netIncomeAfterTaxes": 241.3,
        "nonRecurringItems": 0,
        "operationsMaintenance": 577.4,
        "otherOperatingExpensesTotal": 145.3,
        "otherRevenue": 17.5,
        "period": "2016-03-31",
        "pretaxIncome": 370,
        "provisionforIncomeTaxes": 128.7,
        "purchasedFuelPowerGas": 861.9,
        "revenue": 2772.3,
        "sgaExpense": 57.4,
        "totalOperatingExpense": 1962,
        "totalOtherIncomeExpenseNet": 6.9
      },
      {
        "costOfGoodsSold": 249.5,
        "depreciationAmortization": 296.7,
        "dilutedAverageSharesOutstanding": 508.7,
        "dilutedEPS": 0.41,
        "ebit": 441,
        "grossIncome": 2396.3,
        "interestExpense": 138.788,
        "interestIncomeExpense": -129.5,
        "netIncome": 209,
        "netIncomeAfterTaxes": 209,
        "nonRecurringItems": 0,
        "operationsMaintenance": 583.5,
        "otherOperatingExpensesTotal": 122.2,
        "otherRevenue": 15.9,
        "period": "2015-12-31",
        "pretaxIncome": 319.3,
        "provisionforIncomeTaxes": 110.2,
        "purchasedFuelPowerGas": 893.4,
        "revenue": 2645.8,
        "sgaExpense": 59.4,
        "totalOperatingExpense": 1955.3,
        "totalOtherIncomeExpenseNet": 7.7
      },
      {
        "costOfGoodsSold": 74.3,
        "depreciationAmortization": 280.1,
        "dilutedAverageSharesOutstanding": 508.4,
        "dilutedEPS": 0.84,
        "ebit": 785.8,
        "grossIncome": 2827,
        "interestExpense": 138.157,
        "interestIncomeExpense": -130.8,
        "netIncome": 426.5,
        "netIncomeAfterTaxes": 426.5,
        "nonRecurringItems": 0,
        "operationsMaintenance": 566,
        "otherOperatingExpensesTotal": 123.1,
        "otherRevenue": 13.9,
        "period": "2015-09-30",
        "pretaxIncome": 665.5,
        "provisionforIncomeTaxes": 239,
        "purchasedFuelPowerGas": 1014.7,
        "revenue": 2901.3,
        "sgaExpense": 57.3,
        "totalOperatingExpense": 2041.2,
        "totalOtherIncomeExpenseNet": 10.5
      }
    ],
    "symbol": "XEL"
  }
}