{
  "symbol": "LIN",
  "statement": "ic",
  "frequency": "annual",
  "timestamp": "2025-09-19T14:03:13.277458",
  "data": {
    "financials": [
      {
        "costOfGoodsSold": 17143,
        "depreciationAmortization": 3780,
        "dilutedAverageSharesOutstanding": 482.092,
        "dilutedEPS": 13.62,
        "ebit": 8744,
        "equityEarningsAffiliates": 170,
        "grossIncome": 15862,
        "interestExpense": 487,
        "interestIncomeExpense": -267,
        "minorityInterest": -172,
        "netIncome": 6565,
        "netIncomeAfterTaxes": 6567,
        "nonRecurringItems": -101,
        "otherOperatingExpensesTotal": -149,
        "period": "2024-12-31",
        "pretaxIncome": 8569,
        "provisionforIncomeTaxes": 2002,
        "researchDevelopment": 150,
        "revenue": 33005,
        "sgaExpense": 3337,
        "totalOperatingExpense": 7118,
        "totalOtherIncomeExpenseNet": 193,
        "year": 2024
      },
      {
        "costOfGoodsSold": 17492,
        "depreciationAmortization": 3816,
        "dilutedAverageSharesOutstanding": 492.29,
        "dilutedEPS": 12.59,
        "ebit": 8115,
        "equityEarningsAffiliates": 167,
        "grossIncome": 15362,
        "interestExpense": 413,
        "interestIncomeExpense": -261,
        "minorityInterest": -142,
        "netIncome": 6199,
        "netIncomeAfterTaxes": 6174,
        "nonRecurringItems": -46,
        "otherOperatingExpensesTotal": -10,
        "period": "2023-12-31",
        "pretaxIncome": 7988,
        "provisionforIncomeTaxes": 1814,
        "researchDevelopment": 146,
        "revenue": 32854,
        "sgaExpense": 3295,
        "totalOperatingExpense": 7247,
        "totalOtherIncomeExpenseNet": 180,
        "year": 2023
      },
      {
        "costOfGoodsSold": 19450,
        "depreciationAmortization": 4204,
        "dilutedAverageSharesOutstanding": 504.038,
        "dilutedEPS": 8.23,
        "ebit": 6420,
        "equityEarningsAffiliates": 172,
        "grossIncome": 13914,
        "interestExpense": 215,
        "interestIncomeExpense": -98,
        "minorityInterest": -134,
        "netIncome": 4147,
        "netIncomeAfterTaxes": 4109,
        "nonRecurringItems": -1051,
        "otherOperatingExpensesTotal": 40,
        "period": "2022-12-31",
        "pretaxIncome": 5543,
        "provisionforIncomeTaxes": 1434,
        "researchDevelopment": 143,
        "revenue": 33364,
        "sgaExpense": 3107,
        "totalOperatingExpense": 7494,
        "totalOtherIncomeExpenseNet": 272,
        "year": 2022
      },
      {
        "costOfGoodsSold": 17543,
        "depreciationAmortization": 4635,
        "dilutedAverageSharesOutstanding": 521.875,
        "dilutedEPS": 7.32,
        "ebit": 5309,
        "equityEarningsAffiliates": 119,
        "grossIncome": 13250,
        "interestExpense": 170,
        "interestIncomeExpense": -146,
        "minorityInterest": -135,
        "netIncome": 3826,
        "netIncomeAfterTaxes": 3837,
        "nonRecurringItems": -309,
        "otherOperatingExpensesTotal": -26,
        "period": "2021-12-31",
        "pretaxIncome": 5099,
        "provisionforIncomeTaxes": 1262,
        "researchDevelopment": 143,
        "revenue": 30793,
        "sgaExpense": 3189,
        "totalOperatingExpense": 7941,
        "totalOtherIncomeExpenseNet": 245,
        "year": 2021
      },
      {
        "costOfGoodsSold": 15383,
        "depreciationAmortization": 4626,
        "dilutedAverageSharesOutstanding": 531.157,
        "dilutedEPS": 4.7,
        "ebit": 3929,
        "equityEarningsAffiliates": 85,
        "grossIncome": 11860,
        "interestExpense": 255,
        "interestIncomeExpense": -218,
        "minorityInterest": -125,
        "netIncome": 2501,
        "netIncomeAfterTaxes": 2537,
        "nonRecurringItems": -589,
        "otherOperatingExpensesTotal": -40,
        "period": "2020-12-31",
        "pretaxIncome": 3384,
        "provisionforIncomeTaxes": 847,
        "researchDevelopment": 152,
        "revenue": 27243,
        "sgaExpense": 3193,
        "totalOperatingExpense": 7931,
        "totalOtherIncomeExpenseNet": 262,
        "year": 2020
      },
      {
        "costOfGoodsSold": 16644,
        "depreciationAmortization": 4675,
        "dilutedAverageSharesOutstanding": 545.17,
        "dilutedEPS": 4.19,
        "ebit": 3271,
        "equityEarningsAffiliates": 114,
        "grossIncome": 11584,
        "interestExpense": 246,
        "interestIncomeExpense": -72,
        "minorityInterest": -89,
        "netIncome": 2285,
        "netIncomeAfterTaxes": 2158,
        "nonRecurringItems": -400,
        "otherOperatingExpensesTotal": -3,
        "period": "2019-12-31",
        "pretaxIncome": 2927,
        "provisionforIncomeTaxes": 769,
        "researchDevelopment": 184,
        "revenue": 28228,
        "sgaExpense": 3457,
        "totalOperatingExpense": 8313,
        "totalOtherIncomeExpenseNet": 128,
        "year": 2019
      },
      {
        "costOfGoodsSold": 9020,
        "depreciationAmortization": 1830,
        "dilutedAverageSharesOutstanding": 334.127,
        "dilutedEPS": 13.11,
        "ebit": 2254,
        "equityEarningsAffiliates": 56,
        "grossIncome": 5816,
        "interestExpense": 303,
        "interestIncomeExpense": -213,
        "minorityInterest": -15,
        "netIncome": 4381,
        "netIncomeAfterTaxes": 4542,
        "nonRecurringItems": 2984,
        "otherOperatingExpensesTotal": -10,
        "period": "2018-12-31",
        "pretaxIncome": 5049,
        "provisionforIncomeTaxes": 507,
        "researchDevelopment": 113,
        "revenue": 14836,
        "sgaExpense": 1629,
        "totalOperatingExpense": 3562,
        "totalOtherIncomeExpenseNet": 24,
        "year": 2018
      },
      {
        "costOfGoodsSold": 6382,
        "depreciationAmortization": 1184,
        "dilutedAverageSharesOutstanding": 289.114,
        "dilutedEPS": 4.31,
        "ebit": 2495,
        "equityEarningsAffiliates": 47,
        "grossIncome": 4976,
        "interestExpense": 202,
        "interestIncomeExpense": -158,
        "minorityInterest": -61,
        "netIncome": 1247,
        "netIncomeAfterTaxes": 1655,
        "nonRecurringItems": -54,
        "otherOperatingExpensesTotal": -3,
        "period": "2017-12-31",
        "pretaxIncome": 2287,
        "provisionforIncomeTaxes": 632,
        "researchDevelopment": 93,
        "revenue": 11358,
        "sgaExpense": 1207,
        "totalOperatingExpense": 2481,
        "totalOtherIncomeExpenseNet": 4,
        "year": 2017
      },
      {
        "costOfGoodsSold": 5855,
        "depreciationAmortization": 1122,
        "dilutedAverageSharesOutstanding": 287.757,
        "dilutedEPS": 5.21,
        "ebit": 2324,
        "equityEarningsAffiliates": 41,
        "grossIncome": 4679,
        "interestExpense": 211,
        "interestIncomeExpense": -180,
        "minorityInterest": -38,
        "netIncome": 1500,
        "netIncomeAfterTaxes": 1497,
        "nonRecurringItems": -87,
        "otherOperatingExpensesTotal": -4,
        "period": "2016-12-31",
        "pretaxIncome": 2048,
        "provisionforIncomeTaxes": 551,
        "researchDevelopment": 92,
        "revenue": 10534,
        "sgaExpense": 1145,
        "totalOperatingExpense": 2355,
        "totalOtherIncomeExpenseNet": -9,
        "year": 2016
      },
      {
        "costOfGoodsSold": 5960,
        "depreciationAmortization": 1106,
        "dilutedAverageSharesOutstanding": 289.055,
        "dilutedEPS": 5.35,
        "ebit": 2462,
        "equityEarningsAffiliates": 43,
        "grossIncome": 4816,
        "interestExpense": 161,
        "interestIncomeExpense": -159,
        "minorityInterest": -44,
        "netIncome": 1547,
        "netIncomeAfterTaxes": 1548,
        "nonRecurringItems": -143,
        "otherOperatingExpensesTotal": 3,
        "period": "2015-12-31",
        "pretaxIncome": 2160,
        "provisionforIncomeTaxes": 612,
        "researchDevelopment": 93,
        "revenue": 10776,
        "sgaExpense": 1152,
        "totalOperatingExpense": 2354,
        "totalOtherIncomeExpenseNet": 0,
        "year": 2015
      }
    ],
    "symbol": "LIN"
  }
}