{
  "symbol": "NI",
  "statement": "ic",
  "frequency": "annual",
  "timestamp": "2025-09-19T14:04:40.514345",
  "data": {
    "financials": [
      {
        "costOfGoodsSold": 1132.2,
        "depreciationAmortization": 1043.2,
        "dilutedAverageSharesOutstanding": 456,
        "dilutedEPS": 1.6186,
        "ebit": 1464.5,
        "grossIncome": 4322.9,
        "interestExpense": 509.3,
        "interestIncomeExpense": -498.9,
        "minorityInterest": -84.3,
        "netIncome": 738.1,
        "netIncomeAfterTaxes": 844.7,
        "nonRecurringItems": -9,
        "operationsMaintenance": 1500.5,
        "otherOperatingExpensesTotal": 300,
        "otherRevenue": 172.2,
        "period": "2024-12-31",
        "pretaxIncome": 1002.8,
        "provisionforIncomeTaxes": 158.1,
        "revenue": 5455.1,
        "sgaExpense": 14.7,
        "totalOperatingExpense": 2858.4,
        "totalOtherIncomeExpenseNet": 46.2,
        "year": 2024
      },
      {
        "costOfGoodsSold": 1533.3,
        "depreciationAmortization": 908.2,
        "dilutedAverageSharesOutstanding": 447.9,
        "dilutedEPS": 1.4791,
        "ebit": 1298.4,
        "grossIncome": 3972.1,
        "interestExpense": 487.7,
        "interestIncomeExpense": -478.7,
        "minorityInterest": 39.9,
        "netIncome": 661.1,
        "netIncomeAfterTaxes": 674.4,
        "nonRecurringItems": -2.9,
        "operationsMaintenance": 1483.6,
        "otherOperatingExpensesTotal": 270.6,
        "otherRevenue": 157.6,
        "period": "2023-12-31",
        "pretaxIncome": 813.9,
        "provisionforIncomeTaxes": 139.5,
        "revenue": 5505.4,
        "sgaExpense": 11.3,
        "totalOperatingExpense": 2673.7,
        "totalOtherIncomeExpenseNet": -2.9,
        "year": 2023
      },
      {
        "costOfGoodsSold": 2110.5,
        "depreciationAmortization": 820.8,
        "dilutedAverageSharesOutstanding": 442.7,
        "dilutedEPS": 1.7,
        "ebit": 1161.6,
        "grossIncome": 3740.1,
        "interestExpense": 360.5,
        "interestIncomeExpense": -346.2,
        "minorityInterest": 12.3,
        "netIncome": 749,
        "netIncomeAfterTaxes": 791.8,
        "nonRecurringItems": 104.2,
        "operationsMaintenance": 1479,
        "otherOperatingExpensesTotal": 268.3,
        "otherRevenue": 112,
        "period": "2022-12-31",
        "pretaxIncome": 956.4,
        "provisionforIncomeTaxes": 164.6,
        "revenue": 5850.6,
        "sgaExpense": 10.4,
        "totalOperatingExpense": 2578.5,
        "totalOtherIncomeExpenseNet": 36.8,
        "year": 2022
      },
      {
        "costOfGoodsSold": 1392.3,
        "depreciationAmortization": 748.4,
        "dilutedAverageSharesOutstanding": 417.3,
        "dilutedEPS": 1.27,
        "ebit": 1014.6,
        "grossIncome": 3507.3,
        "interestExpense": 332.4,
        "interestIncomeExpense": -328.4,
        "minorityInterest": -3.9,
        "netIncome": 529.8,
        "netIncomeAfterTaxes": 588.8,
        "nonRecurringItems": -7.7,
        "operationsMaintenance": 1440.4,
        "otherOperatingExpensesTotal": 288.3,
        "otherRevenue": 168.3,
        "period": "2021-12-31",
        "pretaxIncome": 706.6,
        "provisionforIncomeTaxes": 117.8,
        "revenue": 4899.6,
        "sgaExpense": 15.6,
        "totalOperatingExpense": 2492.7,
        "totalOtherIncomeExpenseNet": 28.1,
        "year": 2021
      },
      {
        "costOfGoodsSold": 1109.3,
        "depreciationAmortization": 725.9,
        "dilutedAverageSharesOutstanding": 384.3,
        "dilutedEPS": -0.19,
        "ebit": 961.4,
        "grossIncome": 3572.4,
        "interestExpense": 361.9,
        "interestIncomeExpense": -356.4,
        "minorityInterest": -3.4,
        "netIncome": -72.7,
        "netIncomeAfterTaxes": -14.2,
        "nonRecurringItems": -654.1,
        "operationsMaintenance": 1565.6,
        "otherOperatingExpensesTotal": 299.2,
        "otherRevenue": 208.5,
        "period": "2020-12-31",
        "pretaxIncome": -31.3,
        "provisionforIncomeTaxes": -17.1,
        "revenue": 4681.7,
        "sgaExpense": 20.3,
        "totalOperatingExpense": 2611,
        "totalOtherIncomeExpenseNet": 17.8,
        "year": 2020
      },
      {
        "costOfGoodsSold": 1534.8,
        "depreciationAmortization": 717.4,
        "dilutedAverageSharesOutstanding": 376,
        "dilutedEPS": 0.87,
        "ebit": 1305.2,
        "grossIncome": 3674.1,
        "interestExpense": 371,
        "interestIncomeExpense": -363.3,
        "netIncome": 328,
        "netIncomeAfterTaxes": 383.1,
        "nonRecurringItems": -414.5,
        "operationsMaintenance": 1335.8,
        "otherOperatingExpensesTotal": 296.8,
        "otherRevenue": 155.5,
        "period": "2019-12-31",
        "pretaxIncome": 506.6,
        "provisionforIncomeTaxes": 123.5,
        "revenue": 5208.9,
        "sgaExpense": 18.9,
        "totalOperatingExpense": 2368.9,
        "totalOtherIncomeExpenseNet": -20.8,
        "year": 2019
      },
      {
        "costOfGoodsSold": 1761.3,
        "depreciationAmortization": 599.6,
        "dilutedAverageSharesOutstanding": 356.5,
        "dilutedEPS": -0.18,
        "ebit": 125.9,
        "grossIncome": 3353.2,
        "interestExpense": 364.9,
        "interestIncomeExpense": -312.1,
        "netIncome": -65.6,
        "netIncomeAfterTaxes": -50.6,
        "nonRecurringItems": -46.7,
        "operationsMaintenance": 2352.9,
        "otherOperatingExpensesTotal": 274.8,
        "otherRevenue": 123.4,
        "period": "2018-12-31",
        "pretaxIncome": -230.6,
        "provisionforIncomeTaxes": -180,
        "revenue": 5114.5,
        "totalOperatingExpense": 3227.3,
        "totalOtherIncomeExpenseNet": 2.3,
        "year": 2018
      },
      {
        "costOfGoodsSold": 1518.7,
        "depreciationAmortization": 570.3,
        "dilutedAverageSharesOutstanding": 330.8,
        "dilutedEPS": 0.38,
        "ebit": 926.7,
        "grossIncome": 3355.9,
        "interestExpense": 363.5,
        "interestIncomeExpense": -358.9,
        "netIncome": 128.5,
        "netIncomeAfterTaxes": 289.6,
        "nonRecurringItems": -117,
        "operationsMaintenance": 1601.7,
        "otherOperatingExpensesTotal": 257.2,
        "otherRevenue": 144.4,
        "period": "2017-12-31",
        "pretaxIncome": 443,
        "provisionforIncomeTaxes": 153.4,
        "revenue": 4874.6,
        "totalOperatingExpense": 2429.2,
        "totalOtherIncomeExpenseNet": -7.8,
        "year": 2017
      },
      {
        "costOfGoodsSold": 1390.2,
        "depreciationAmortization": 547.1,
        "dilutedAverageSharesOutstanding": 323.5,
        "dilutedEPS": 1.02,
        "ebit": 865.1,
        "grossIncome": 3102.3,
        "interestExpense": 355.9,
        "interestIncomeExpense": -352.5,
        "netIncome": 331.5,
        "netIncomeAfterTaxes": 331.5,
        "nonRecurringItems": 1,
        "operationsMaintenance": 1445.8,
        "otherOperatingExpensesTotal": 244.3,
        "otherRevenue": 100,
        "period": "2016-12-31",
        "pretaxIncome": 513.6,
        "provisionforIncomeTaxes": 182.1,
        "revenue": 4492.5,
        "totalOperatingExpense": 2237.2,
        "totalOtherIncomeExpenseNet": 0,
        "year": 2016
      },
      {
        "costOfGoodsSold": 1643.7,
        "depreciationAmortization": 524.4,
        "dilutedAverageSharesOutstanding": 319.8,
        "dilutedEPS": 0.89,
        "ebit": 801.5,
        "grossIncome": 3008.1,
        "interestExpense": 374.3,
        "interestIncomeExpense": -373.5,
        "minorityInterest": -15.6,
        "netIncome": 286.5,
        "netIncomeAfterTaxes": 198.6,
        "nonRecurringItems": -98.8,
        "operationsMaintenance": 1426.1,
        "otherOperatingExpensesTotal": 256.1,
        "otherRevenue": 27.2,
        "period": "2015-12-31",
        "pretaxIncome": 339.9,
        "provisionforIncomeTaxes": 141.3,
        "revenue": 4651.8,
        "totalOperatingExpense": 2206.6,
        "totalOtherIncomeExpenseNet": 10.7,
        "year": 2015
      }
    ],
    "symbol": "NI"
  }
}