{
  "symbol": "ON",
  "statement": "ic",
  "frequency": "annual",
  "timestamp": "2025-09-19T14:05:04.464106",
  "data": {
    "financials": [
      {
        "costOfGoodsSold": 3866.2,
        "depreciationAmortization": 52,
        "dilutedAverageSharesOutstanding": 432.7,
        "dilutedEPS": 3.63,
        "ebit": 1901.6,
        "grossIncome": 3216.1,
        "interestExpense": 62.3,
        "interestIncomeExpense": 48.2,
        "minorityInterest": -1.8,
        "netIncome": 1572.8,
        "netIncomeAfterTaxes": 1574.6,
        "nonRecurringItems": -133.9,
        "period": "2024-12-31",
        "pretaxIncome": 1837.4,
        "provisionforIncomeTaxes": 262.8,
        "researchDevelopment": 612.7,
        "revenue": 7082.3,
        "sgaExpense": 649.8,
        "totalOperatingExpense": 1314.5,
        "totalOtherIncomeExpenseNet": 21.5,
        "year": 2024
      },
      {
        "costOfGoodsSold": 4369.5,
        "depreciationAmortization": 51.1,
        "dilutedAverageSharesOutstanding": 446.8,
        "dilutedEPS": 4.89,
        "ebit": 2613.6,
        "grossIncome": 3883.5,
        "interestExpense": 74.8,
        "interestIncomeExpense": 10.4,
        "minorityInterest": -1.9,
        "netIncome": 2183.7,
        "netIncomeAfterTaxes": 2185.6,
        "nonRecurringItems": -88.9,
        "period": "2023-12-31",
        "pretaxIncome": 2535.8,
        "provisionforIncomeTaxes": 350.2,
        "researchDevelopment": 577.3,
        "revenue": 8253,
        "sgaExpense": 641.5,
        "totalOperatingExpense": 1269.9,
        "totalOtherIncomeExpenseNet": 0.7,
        "year": 2023
      },
      {
        "costOfGoodsSold": 4249,
        "depreciationAmortization": 81.2,
        "dilutedAverageSharesOutstanding": 448.2,
        "dilutedEPS": 4.25,
        "ebit": 2764.7,
        "grossIncome": 4077.2,
        "interestExpense": 94.9,
        "interestIncomeExpense": -79.4,
        "minorityInterest": -1.6,
        "netIncome": 1902.2,
        "netIncomeAfterTaxes": 1903.8,
        "nonRecurringItems": -344.8,
        "period": "2022-12-31",
        "pretaxIncome": 2362.2,
        "provisionforIncomeTaxes": 458.4,
        "researchDevelopment": 600.2,
        "revenue": 8326.2,
        "sgaExpense": 631.1,
        "totalOperatingExpense": 1312.5,
        "totalOtherIncomeExpenseNet": 21.7,
        "year": 2022
      },
      {
        "costOfGoodsSold": 4025.5,
        "depreciationAmortization": 99,
        "dilutedAverageSharesOutstanding": 443.8,
        "dilutedEPS": 2.27,
        "ebit": 1361.9,
        "grossIncome": 2714.3,
        "interestExpense": 130.4,
        "interestIncomeExpense": -129,
        "minorityInterest": -1.6,
        "netIncome": 1009.6,
        "netIncomeAfterTaxes": 1011.2,
        "nonRecurringItems": -93.1,
        "period": "2021-12-31",
        "pretaxIncome": 1157.8,
        "provisionforIncomeTaxes": 146.6,
        "researchDevelopment": 655,
        "revenue": 6739.8,
        "sgaExpense": 598.4,
        "totalOperatingExpense": 1352.4,
        "totalOtherIncomeExpenseNet": 18,
        "year": 2021
      },
      {
        "costOfGoodsSold": 3539.2,
        "depreciationAmortization": 120.3,
        "dilutedAverageSharesOutstanding": 418.8,
        "dilutedEPS": 0.56,
        "ebit": 415.2,
        "grossIncome": 1715.8,
        "interestExpense": 168.4,
        "interestIncomeExpense": -163.5,
        "minorityInterest": -2.2,
        "netIncome": 234.2,
        "netIncomeAfterTaxes": 236.4,
        "nonRecurringItems": -66.5,
        "period": "2020-12-31",
        "pretaxIncome": 176.6,
        "provisionforIncomeTaxes": -59.8,
        "researchDevelopment": 642.9,
        "revenue": 5255,
        "sgaExpense": 537.4,
        "totalOperatingExpense": 1300.6,
        "totalOtherIncomeExpenseNet": -8.6,
        "year": 2020
      },
      {
        "costOfGoodsSold": 3544.3,
        "depreciationAmortization": 115.2,
        "dilutedAverageSharesOutstanding": 416,
        "dilutedEPS": 0.51,
        "ebit": 632.5,
        "grossIncome": 1973.6,
        "interestExpense": 148.3,
        "interestIncomeExpense": -138.1,
        "minorityInterest": -2.2,
        "netIncome": 211.7,
        "netIncomeAfterTaxes": 213.9,
        "nonRecurringItems": -206,
        "period": "2019-12-31",
        "pretaxIncome": 276.6,
        "provisionforIncomeTaxes": 62.7,
        "researchDevelopment": 640.9,
        "revenue": 5517.9,
        "sgaExpense": 585,
        "totalOperatingExpense": 1341.1,
        "totalOtherIncomeExpenseNet": -11.8,
        "year": 2019
      },
      {
        "costOfGoodsSold": 3639.6,
        "depreciationAmortization": 111.7,
        "dilutedAverageSharesOutstanding": 435.9,
        "dilutedEPS": 1.43,
        "ebit": 858.3,
        "grossIncome": 2238.7,
        "interestExpense": 128.2,
        "interestIncomeExpense": -122.1,
        "minorityInterest": -2.5,
        "netIncome": 627.4,
        "netIncomeAfterTaxes": 581.7,
        "nonRecurringItems": -10.7,
        "period": "2018-12-31",
        "pretaxIncome": 755,
        "provisionforIncomeTaxes": 173.3,
        "researchDevelopment": 650.7,
        "revenue": 5878.3,
        "sgaExpense": 618,
        "totalOperatingExpense": 1380.4,
        "totalOtherIncomeExpenseNet": 29.5,
        "year": 2018
      },
      {
        "costOfGoodsSold": 3509.3,
        "depreciationAmortization": 123.8,
        "dilutedAverageSharesOutstanding": 428.3,
        "dilutedEPS": 1.89,
        "ebit": 714.8,
        "grossIncome": 2033.8,
        "interestExpense": 141.2,
        "interestIncomeExpense": -138.2,
        "minorityInterest": -2.3,
        "netIncome": 810.7,
        "netIncomeAfterTaxes": 363.1,
        "nonRecurringItems": -68.6,
        "period": "2017-12-31",
        "pretaxIncome": 547.5,
        "provisionforIncomeTaxes": 184.4,
        "researchDevelopment": 594.4,
        "revenue": 5543.1,
        "sgaExpense": 600.8,
        "totalOperatingExpense": 1319,
        "totalOtherIncomeExpenseNet": 39.5,
        "year": 2017
      },
      {
        "costOfGoodsSold": 2606.4,
        "depreciationAmortization": 104.8,
        "dilutedAverageSharesOutstanding": 420,
        "dilutedEPS": 0.43,
        "ebit": 282.2,
        "grossIncome": 1300.5,
        "interestExpense": 145.3,
        "interestIncomeExpense": -140.8,
        "minorityInterest": -2.4,
        "netIncome": 182.1,
        "netIncomeAfterTaxes": 184.5,
        "nonRecurringItems": 50.5,
        "period": "2016-12-31",
        "pretaxIncome": 180.6,
        "provisionforIncomeTaxes": -3.9,
        "researchDevelopment": 446.8,
        "revenue": 3906.9,
        "sgaExpense": 466.7,
        "totalOperatingExpense": 1018.3,
        "totalOtherIncomeExpenseNet": -11.3,
        "year": 2016
      },
      {
        "costOfGoodsSold": 2302.6,
        "depreciationAmortization": 135.7,
        "dilutedAverageSharesOutstanding": 427.8,
        "dilutedEPS": 0.48,
        "ebit": 274.2,
        "grossIncome": 1193.2,
        "interestExpense": 49.7,
        "interestIncomeExpense": -52.7,
        "minorityInterest": -2.8,
        "netIncome": 206.2,
        "netIncomeAfterTaxes": 209,
        "nonRecurringItems": -13.5,
        "period": "2015-12-31",
        "pretaxIncome": 219.8,
        "provisionforIncomeTaxes": 10.8,
        "researchDevelopment": 396.7,
        "revenue": 3495.8,
        "sgaExpense": 386.6,
        "totalOperatingExpense": 919,
        "totalOtherIncomeExpenseNet": 11.8,
        "year": 2015
      }
    ],
    "symbol": "ON"
  }
}