{
  "symbol": "MOS",
  "statement": "ic",
  "frequency": "annual",
  "timestamp": "2025-09-19T14:04:21.910619",
  "data": {
    "financials": [
      {
        "costOfGoodsSold": 9610.9,
        "dilutedAverageSharesOutstanding": 320.7,
        "dilutedEPS": 0.5454,
        "ebit": 739.5,
        "equityEarningsAffiliates": 73.3,
        "grossIncome": 1511.9,
        "interestExpense": 230,
        "interestIncomeExpense": -316.4,
        "minorityInterest": -27.1,
        "netIncome": 174.9,
        "netIncomeAfterTaxes": 128.7,
        "nonRecurringItems": -110,
        "otherOperatingExpensesTotal": 275.5,
        "period": "2024-12-31",
        "pretaxIncome": 315.4,
        "provisionforIncomeTaxes": 186.7,
        "revenue": 11122.8,
        "sgaExpense": 496.9,
        "totalOperatingExpense": 772.4,
        "totalOtherIncomeExpenseNet": 2.3,
        "year": 2024
      },
      {
        "costOfGoodsSold": 11485.5,
        "dilutedAverageSharesOutstanding": 333.2,
        "dilutedEPS": 3.4961,
        "ebit": 1735.1,
        "equityEarningsAffiliates": 60.3,
        "grossIncome": 2210.6,
        "interestExpense": 189,
        "interestIncomeExpense": 45.6,
        "minorityInterest": -44.3,
        "netIncome": 1164.9,
        "netIncomeAfterTaxes": 1148.9,
        "nonRecurringItems": -439,
        "otherOperatingExpensesTotal": -25,
        "period": "2023-12-31",
        "pretaxIncome": 1325.9,
        "provisionforIncomeTaxes": 177,
        "revenue": 13696.1,
        "sgaExpense": 500.5,
        "totalOperatingExpense": 475.5,
        "totalOtherIncomeExpenseNet": -15.8,
        "year": 2023
      },
      {
        "costOfGoodsSold": 13369,
        "dilutedAverageSharesOutstanding": 356,
        "dilutedEPS": 10.06,
        "ebit": 5165,
        "equityEarningsAffiliates": 196,
        "grossIncome": 5756,
        "interestExpense": 168.8,
        "interestIncomeExpense": -86,
        "minorityInterest": -31,
        "netIncome": 3583,
        "netIncomeAfterTaxes": 3418,
        "nonRecurringItems": -380,
        "otherOperatingExpensesTotal": 93,
        "period": "2022-12-31",
        "pretaxIncome": 4643,
        "provisionforIncomeTaxes": 1224,
        "revenue": 19125,
        "sgaExpense": 498,
        "totalOperatingExpense": 591,
        "totalOtherIncomeExpenseNet": -57,
        "year": 2022
      },
      {
        "costOfGoodsSold": 9157,
        "dilutedAverageSharesOutstanding": 382,
        "dilutedEPS": 4.27,
        "ebit": 2800,
        "equityEarningsAffiliates": 8,
        "grossIncome": 3200,
        "interestExpense": 194.3,
        "interestIncomeExpense": -246,
        "minorityInterest": -4,
        "netIncome": 1631,
        "netIncomeAfterTaxes": 1627,
        "nonRecurringItems": -331,
        "otherOperatingExpensesTotal": -30,
        "period": "2021-12-31",
        "pretaxIncome": 2225,
        "provisionforIncomeTaxes": 598,
        "revenue": 12357,
        "sgaExpense": 431,
        "totalOperatingExpense": 401,
        "totalOtherIncomeExpenseNet": 2,
        "year": 2021
      },
      {
        "costOfGoodsSold": 7617,
        "dilutedAverageSharesOutstanding": 381,
        "dilutedEPS": 1.74,
        "ebit": 690,
        "equityEarningsAffiliates": -94,
        "grossIncome": 1065,
        "interestExpense": 214.1,
        "interestIncomeExpense": -245,
        "minorityInterest": 1,
        "netIncome": 666,
        "netIncomeAfterTaxes": 736,
        "nonRecurringItems": -277,
        "otherOperatingExpensesTotal": 4,
        "period": "2020-12-31",
        "pretaxIncome": 181,
        "provisionforIncomeTaxes": -555,
        "revenue": 8682,
        "sgaExpense": 372,
        "totalOperatingExpense": 375,
        "totalOtherIncomeExpenseNet": 13,
        "year": 2020
      },
      {
        "costOfGoodsSold": 8009,
        "dilutedAverageSharesOutstanding": 384,
        "dilutedEPS": -2.78,
        "ebit": 515,
        "equityEarningsAffiliates": -59,
        "grossIncome": 897,
        "interestExpense": 216,
        "interestIncomeExpense": -163,
        "minorityInterest": 23,
        "netIncome": -1067,
        "netIncomeAfterTaxes": -1031,
        "nonRecurringItems": -1610,
        "otherOperatingExpensesTotal": 28,
        "period": "2019-12-31",
        "pretaxIncome": -1256,
        "provisionforIncomeTaxes": -225,
        "revenue": 8906,
        "sgaExpense": 354,
        "totalOperatingExpense": 382,
        "totalOtherIncomeExpenseNet": 2,
        "year": 2019
      },
      {
        "costOfGoodsSold": 8089,
        "dilutedAverageSharesOutstanding": 386,
        "dilutedEPS": 1.22,
        "ebit": 1073,
        "equityEarningsAffiliates": -5,
        "grossIncome": 1498,
        "interestExpense": 215.8,
        "interestIncomeExpense": -358,
        "minorityInterest": 0,
        "netIncome": 470,
        "netIncomeAfterTaxes": 474,
        "nonRecurringItems": -145,
        "otherOperatingExpensesTotal": 84,
        "period": "2018-12-31",
        "pretaxIncome": 552,
        "provisionforIncomeTaxes": 77,
        "revenue": 9587,
        "sgaExpense": 341,
        "totalOperatingExpense": 425,
        "totalOtherIncomeExpenseNet": -19,
        "year": 2018
      },
      {
        "costOfGoodsSold": 6567,
        "dilutedAverageSharesOutstanding": 351,
        "dilutedEPS": -0.3,
        "ebit": 474,
        "equityEarningsAffiliates": 17,
        "grossIncome": 843,
        "interestExpense": 171.3,
        "interestIncomeExpense": -88,
        "minorityInterest": -3,
        "netIncome": -107,
        "netIncomeAfterTaxes": 337,
        "nonRecurringItems": -8,
        "otherOperatingExpensesTotal": 68,
        "period": "2017-12-31",
        "pretaxIncome": 374,
        "provisionforIncomeTaxes": 37,
        "revenue": 7409,
        "sgaExpense": 301,
        "totalOperatingExpense": 369,
        "totalOtherIncomeExpenseNet": -4,
        "year": 2017
      },
      {
        "costOfGoodsSold": 6353,
        "dilutedAverageSharesOutstanding": 352,
        "dilutedEPS": 0.85,
        "ebit": 319,
        "equityEarningsAffiliates": -15,
        "grossIncome": 810,
        "interestExpense": 140.6,
        "interestIncomeExpense": -72,
        "minorityInterest": -3,
        "netIncome": 298,
        "netIncomeAfterTaxes": 317,
        "nonRecurringItems": 0,
        "otherOperatingExpensesTotal": 187,
        "period": "2016-12-31",
        "pretaxIncome": 242,
        "provisionforIncomeTaxes": -74,
        "revenue": 7163,
        "sgaExpense": 304,
        "totalOperatingExpense": 491,
        "totalOtherIncomeExpenseNet": -4,
        "year": 2016
      },
      {
        "costOfGoodsSold": 7177,
        "dilutedAverageSharesOutstanding": 360,
        "dilutedEPS": 2.78,
        "ebit": 1290,
        "equityEarningsAffiliates": -2,
        "grossIncome": 1718,
        "interestExpense": 133.6,
        "interestIncomeExpense": -158,
        "minorityInterest": -1,
        "netIncome": 1000,
        "netIncomeAfterTaxes": 1004,
        "nonRecurringItems": -11,
        "otherOperatingExpensesTotal": 78,
        "period": "2015-12-31",
        "pretaxIncome": 1103,
        "provisionforIncomeTaxes": 99,
        "revenue": 8895,
        "sgaExpense": 350,
        "totalOperatingExpense": 429,
        "totalOtherIncomeExpenseNet": -17,
        "year": 2015
      }
    ],
    "symbol": "MOS"
  }
}