{
  "symbol": "EXC",
  "statement": "ic",
  "frequency": "annual",
  "timestamp": "2025-09-19T14:00:08.072960",
  "data": {
    "financials": [
      {
        "costOfGoodsSold": 8683,
        "depreciationAmortization": 3594,
        "dilutedAverageSharesOutstanding": 1003,
        "dilutedEPS": 2.4526,
        "ebit": 4307,
        "grossIncome": 14345,
        "interestExpense": 1914,
        "interestIncomeExpense": -1914,
        "netIncome": 2460,
        "netIncomeAfterTaxes": 2460,
        "nonRecurringItems": 12,
        "operationsMaintenance": 4940,
        "otherOperatingExpensesTotal": 1504,
        "period": "2024-12-31",
        "pretaxIncome": 2667,
        "provisionforIncomeTaxes": 207,
        "revenue": 23028,
        "totalOperatingExpense": 10038,
        "totalOtherIncomeExpenseNet": 262,
        "year": 2024
      },
      {
        "costOfGoodsSold": 8241,
        "depreciationAmortization": 3506,
        "dilutedAverageSharesOutstanding": 997,
        "dilutedEPS": 2.335,
        "ebit": 4013,
        "grossIncome": 13486,
        "interestExpense": 1729,
        "interestIncomeExpense": -1729,
        "minorityInterest": 0,
        "netIncome": 2328,
        "netIncomeAfterTaxes": 2328,
        "nonRecurringItems": 10,
        "operationsMaintenance": 4559,
        "otherOperatingExpensesTotal": 1408,
        "period": "2023-12-31",
        "pretaxIncome": 2702,
        "provisionforIncomeTaxes": 374,
        "revenue": 21727,
        "totalOperatingExpense": 9473,
        "totalOtherIncomeExpenseNet": 408,
        "year": 2023
      },
      {
        "costOfGoodsSold": 6304,
        "depreciationAmortization": 3394,
        "dilutedAverageSharesOutstanding": 987,
        "dilutedEPS": 2.19,
        "ebit": 3317,
        "grossIncome": 12774,
        "interestExpense": 1447,
        "interestIncomeExpense": -1447,
        "minorityInterest": -1,
        "netIncome": 2170,
        "netIncomeAfterTaxes": 2054,
        "nonRecurringItems": -2,
        "operationsMaintenance": 4629,
        "otherOperatingExpensesTotal": 1434,
        "period": "2022-12-31",
        "pretaxIncome": 2403,
        "provisionforIncomeTaxes": 349,
        "revenue": 19078,
        "totalOperatingExpense": 9457,
        "totalOtherIncomeExpenseNet": 535,
        "year": 2022
      },
      {
        "costOfGoodsSold": 5362,
        "depreciationAmortization": 4056,
        "dilutedAverageSharesOutstanding": 980,
        "dilutedEPS": 1.74,
        "ebit": 2682,
        "grossIncome": 12576,
        "interestExpense": 1289,
        "interestIncomeExpense": -1289,
        "minorityInterest": -123,
        "netIncome": 1706,
        "netIncomeAfterTaxes": 1616,
        "nonRecurringItems": 0,
        "operationsMaintenance": 4033,
        "otherOperatingExpensesTotal": 1805,
        "period": "2021-12-31",
        "pretaxIncome": 1654,
        "provisionforIncomeTaxes": 38,
        "revenue": 17938,
        "totalOperatingExpense": 9894,
        "totalOtherIncomeExpenseNet": 261,
        "year": 2021
      },
      {
        "costOfGoodsSold": 13091,
        "depreciationAmortization": 6027,
        "dilutedAverageSharesOutstanding": 977,
        "dilutedEPS": 2.01,
        "ebit": 2799,
        "equityEarningsAffiliates": -6,
        "grossIncome": 19948,
        "interestExpense": 1307,
        "interestIncomeExpense": -1635,
        "minorityInterest": 9,
        "netIncome": 1963,
        "netIncomeAfterTaxes": 1960,
        "nonRecurringItems": 24,
        "operationsMaintenance": 8908,
        "otherOperatingExpensesTotal": 2214,
        "period": "2020-12-31",
        "pretaxIncome": 2333,
        "provisionforIncomeTaxes": 373,
        "revenue": 33039,
        "totalOperatingExpense": 17149,
        "totalOtherIncomeExpenseNet": 1145,
        "year": 2020
      },
      {
        "costOfGoodsSold": 14460,
        "depreciationAmortization": 5289,
        "dilutedAverageSharesOutstanding": 974,
        "dilutedEPS": 3.01,
        "ebit": 4342,
        "equityEarningsAffiliates": -183,
        "grossIncome": 19978,
        "interestExpense": 1616,
        "interestIncomeExpense": -1616,
        "minorityInterest": -92,
        "netIncome": 2936,
        "netIncomeAfterTaxes": 3211,
        "nonRecurringItems": 32,
        "operationsMaintenance": 8124,
        "otherOperatingExpensesTotal": 2223,
        "period": "2019-12-31",
        "pretaxIncome": 3985,
        "provisionforIncomeTaxes": 774,
        "revenue": 34438,
        "totalOperatingExpense": 15636,
        "totalOtherIncomeExpenseNet": 1227,
        "year": 2019
      },
      {
        "costOfGoodsSold": 15541,
        "depreciationAmortization": 5482,
        "dilutedAverageSharesOutstanding": 969,
        "dilutedEPS": 2.07,
        "ebit": 3835,
        "equityEarningsAffiliates": -28,
        "grossIncome": 20437,
        "interestExpense": 1554,
        "interestIncomeExpense": -1554,
        "minorityInterest": -74,
        "netIncome": 2005,
        "netIncomeAfterTaxes": 2107,
        "nonRecurringItems": 56,
        "operationsMaintenance": 8848,
        "otherOperatingExpensesTotal": 2272,
        "period": "2018-12-31",
        "pretaxIncome": 2225,
        "provisionforIncomeTaxes": 118,
        "revenue": 35978,
        "totalOperatingExpense": 16602,
        "totalOtherIncomeExpenseNet": -112,
        "year": 2018
      },
      {
        "costOfGoodsSold": 12904,
        "depreciationAmortization": 4959,
        "dilutedAverageSharesOutstanding": 949,
        "dilutedEPS": 3.98,
        "ebit": 4172,
        "equityEarningsAffiliates": -32,
        "grossIncome": 20654,
        "interestExpense": 1560,
        "interestIncomeExpense": -1560,
        "minorityInterest": -90,
        "netIncome": 3779,
        "netIncomeAfterTaxes": 3901,
        "nonRecurringItems": 216,
        "operationsMaintenance": 9557,
        "otherOperatingExpensesTotal": 1966,
        "period": "2017-12-31",
        "pretaxIncome": 3775,
        "provisionforIncomeTaxes": -126,
        "revenue": 33558,
        "totalOperatingExpense": 16482,
        "totalOtherIncomeExpenseNet": 947,
        "year": 2017
      },
      {
        "costOfGoodsSold": 12640,
        "depreciationAmortization": 3936,
        "dilutedAverageSharesOutstanding": 927,
        "dilutedEPS": 1.21,
        "ebit": 3260,
        "equityEarningsAffiliates": -24,
        "grossIncome": 18726,
        "interestExpense": 1536,
        "interestIncomeExpense": -1536,
        "minorityInterest": -75,
        "netIncome": 1121,
        "netIncomeAfterTaxes": 1220,
        "nonRecurringItems": -48,
        "operationsMaintenance": 9954,
        "otherOperatingExpensesTotal": 1576,
        "period": "2016-12-31",
        "pretaxIncome": 1973,
        "provisionforIncomeTaxes": 753,
        "revenue": 31366,
        "totalOperatingExpense": 15466,
        "totalOtherIncomeExpenseNet": 297,
        "year": 2016
      },
      {
        "costOfGoodsSold": 13084,
        "depreciationAmortization": 2450,
        "dilutedAverageSharesOutstanding": 893,
        "dilutedEPS": 2.54,
        "ebit": 4391,
        "equityEarningsAffiliates": -7,
        "grossIncome": 16363,
        "interestExpense": 1033,
        "interestIncomeExpense": -1033,
        "minorityInterest": 19,
        "netIncome": 2269,
        "netIncomeAfterTaxes": 2257,
        "nonRecurringItems": 18,
        "operationsMaintenance": 8322,
        "otherOperatingExpensesTotal": 1200,
        "period": "2015-12-31",
        "pretaxIncome": 3330,
        "provisionforIncomeTaxes": 1073,
        "revenue": 29447,
        "totalOperatingExpense": 11972,
        "totalOtherIncomeExpenseNet": -46,
        "year": 2015
      }
    ],
    "symbol": "EXC"
  }
}