{
  "symbol": "VST",
  "statement": "ic",
  "frequency": "annual",
  "timestamp": "2025-09-19T14:08:25.464776",
  "data": {
    "financials": [
      {
        "depreciationAmortization": 1843,
        "dilutedAverageSharesOutstanding": 352.5671,
        "dilutedEPS": 6.9973,
        "ebit": 4081,
        "gainLossOnDispositionOfAssets": 6,
        "interestExpense": 893,
        "interestIncomeExpense": -775,
        "minorityInterest": -153,
        "netIncome": 2467,
        "netIncomeAfterTaxes": 2812,
        "nonRecurringItems": 16,
        "operationsMaintenance": 2414,
        "otherRevenue": 2463,
        "period": "2024-12-31",
        "pretaxIncome": 3467,
        "provisionforIncomeTaxes": 655,
        "purchasedFuelPowerGas": 7285,
        "revenue": 17224,
        "sgaExpense": 1601,
        "totalOperatingExpense": 13143,
        "totalOtherIncomeExpenseNet": 139,
        "year": 2024
      },
      {
        "costOfGoodsSold": 2,
        "depreciationAmortization": 1502,
        "dilutedAverageSharesOutstanding": 375.1931,
        "dilutedEPS": 3.5795,
        "ebit": 2708,
        "gainLossOnDispositionOfAssets": 95,
        "grossIncome": 14777,
        "interestExpense": 643,
        "interestIncomeExpense": -593,
        "minorityInterest": 1,
        "netIncome": 1343,
        "netIncomeAfterTaxes": 1492,
        "nonRecurringItems": -15,
        "operationsMaintenance": 1702,
        "otherRevenue": 975,
        "period": "2023-12-31",
        "pretaxIncome": 2000,
        "provisionforIncomeTaxes": 508,
        "purchasedFuelPowerGas": 7557,
        "revenue": 14779,
        "sgaExpense": 1308,
        "totalOperatingExpense": 12069,
        "totalOtherIncomeExpenseNet": -195,
        "year": 2023
      },
      {
        "costOfGoodsSold": 3,
        "depreciationAmortization": 1596,
        "dilutedAverageSharesOutstanding": 422,
        "dilutedEPS": -3.26,
        "ebit": -1106,
        "gainLossOnDispositionOfAssets": 8,
        "grossIncome": 13725,
        "interestExpense": 590,
        "interestIncomeExpense": -321,
        "minorityInterest": -17,
        "netIncome": -1377,
        "netIncomeAfterTaxes": -1210,
        "nonRecurringItems": -70,
        "operationsMaintenance": 1645,
        "otherRevenue": -1903,
        "period": "2022-12-31",
        "pretaxIncome": -1560,
        "provisionforIncomeTaxes": -350,
        "purchasedFuelPowerGas": 10401,
        "revenue": 13728,
        "sgaExpense": 1189,
        "totalOperatingExpense": 14831,
        "totalOtherIncomeExpenseNet": -71,
        "year": 2022
      },
      {
        "costOfGoodsSold": 5,
        "depreciationAmortization": 1753,
        "dilutedAverageSharesOutstanding": 482,
        "dilutedEPS": -2.69,
        "ebit": -1449,
        "gainLossOnDispositionOfAssets": 9,
        "grossIncome": 12072,
        "interestExpense": 484,
        "interestIncomeExpense": -350,
        "minorityInterest": -10,
        "netIncome": -1295,
        "netIncomeAfterTaxes": -1264,
        "nonRecurringItems": -52,
        "operationsMaintenance": 1559,
        "otherRevenue": -5623,
        "period": "2021-12-31",
        "pretaxIncome": -1722,
        "provisionforIncomeTaxes": -458,
        "purchasedFuelPowerGas": 9169,
        "revenue": 12077,
        "sgaExpense": 1040,
        "totalOperatingExpense": 13521,
        "totalOtherIncomeExpenseNet": 120,
        "year": 2021
      },
      {
        "costOfGoodsSold": 19,
        "depreciationAmortization": 1737,
        "dilutedAverageSharesOutstanding": 491,
        "dilutedEPS": 1.3,
        "ebit": 1856,
        "gainLossOnDispositionOfAssets": 8,
        "grossIncome": 11424,
        "interestExpense": 464,
        "interestIncomeExpense": -613,
        "minorityInterest": 12,
        "netIncome": 636,
        "netIncomeAfterTaxes": 624,
        "nonRecurringItems": -349,
        "operationsMaintenance": 1622,
        "otherRevenue": 593,
        "period": "2020-12-31",
        "pretaxIncome": 890,
        "provisionforIncomeTaxes": 266,
        "purchasedFuelPowerGas": 5174,
        "revenue": 11443,
        "sgaExpense": 1035,
        "totalOperatingExpense": 9568,
        "totalOtherIncomeExpenseNet": -12,
        "year": 2020
      },
      {
        "depreciationAmortization": 1640,
        "dilutedAverageSharesOutstanding": 500,
        "dilutedEPS": 1.86,
        "ebit": 1993,
        "gainLossOnDispositionOfAssets": 0,
        "interestExpense": 573,
        "interestIncomeExpense": -767,
        "minorityInterest": 2,
        "netIncome": 928,
        "netIncomeAfterTaxes": 926,
        "nonRecurringItems": 18,
        "operationsMaintenance": 1530,
        "otherRevenue": 262,
        "period": "2019-12-31",
        "pretaxIncome": 1216,
        "provisionforIncomeTaxes": 290,
        "purchasedFuelPowerGas": 5742,
        "revenue": 11809,
        "sgaExpense": 904,
        "totalOperatingExpense": 9816,
        "totalOtherIncomeExpenseNet": -28,
        "year": 2019
      },
      {
        "depreciationAmortization": 1394,
        "dilutedAverageSharesOutstanding": 505,
        "dilutedEPS": -0.11,
        "ebit": 491,
        "gainLossOnDispositionOfAssets": 3,
        "interestExpense": 525,
        "interestIncomeExpense": -495,
        "minorityInterest": 2,
        "netIncome": -54,
        "netIncomeAfterTaxes": -56,
        "nonRecurringItems": -27,
        "operationsMaintenance": 1297,
        "otherRevenue": -653,
        "period": "2018-12-31",
        "pretaxIncome": -101,
        "provisionforIncomeTaxes": -45,
        "purchasedFuelPowerGas": 5036,
        "revenue": 9144,
        "sgaExpense": 926,
        "totalOperatingExpense": 8653,
        "totalOtherIncomeExpenseNet": -73,
        "year": 2018
      },
      {
        "depreciationAmortization": 699,
        "dilutedAverageSharesOutstanding": 428,
        "dilutedEPS": -0.59,
        "ebit": 223,
        "gainLossOnDispositionOfAssets": 4,
        "interestExpense": 206,
        "interestIncomeExpense": -162,
        "netIncome": -254,
        "netIncomeAfterTaxes": 197,
        "nonRecurringItems": -27,
        "operationsMaintenance": 973,
        "otherRevenue": 5430,
        "period": "2017-12-31",
        "pretaxIncome": 250,
        "provisionforIncomeTaxes": 53,
        "purchasedFuelPowerGas": 2935,
        "revenue": 5430,
        "sgaExpense": 600,
        "totalOperatingExpense": 5207,
        "totalOtherIncomeExpenseNet": 212,
        "year": 2017
      },
      {
        "depreciationAmortization": 675,
        "dilutedAverageSharesOutstanding": 428,
        "dilutedEPS": 53,
        "ebit": 143,
        "interestExpense": 1096,
        "interestIncomeExpense": -821,
        "netIncome": 22688,
        "netIncomeAfterTaxes": 22688,
        "nonRecurringItems": 22058,
        "operationsMaintenance": 862,
        "otherRevenue": 5164,
        "period": "2016-12-31",
        "pretaxIncome": 21351,
        "provisionforIncomeTaxes": -1337,
        "purchasedFuelPowerGas": 2802,
        "revenue": 5164,
        "sgaExpense": 682,
        "totalOperatingExpense": 5021,
        "totalOtherIncomeExpenseNet": -29,
        "year": 2016
      },
      {
        "depreciationAmortization": 852,
        "dilutedAverageSharesOutstanding": 428,
        "dilutedEPS": -10.94,
        "ebit": 316,
        "interestExpense": 1289,
        "interestIncomeExpense": -954,
        "minorityInterest": 0,
        "netIncome": -4677,
        "netIncomeAfterTaxes": -4677,
        "nonRecurringItems": -4924,
        "operationsMaintenance": 834,
        "otherRevenue": 5370,
        "period": "2015-12-31",
        "pretaxIncome": -5556,
        "provisionforIncomeTaxes": -879,
        "purchasedFuelPowerGas": 2692,
        "revenue": 5370,
        "sgaExpense": 676,
        "totalOperatingExpense": 5054,
        "totalOtherIncomeExpenseNet": 6,
        "year": 2015
      }
    ],
    "symbol": "VST"
  }
}