{
  "symbol": "MSI",
  "statement": "ic",
  "frequency": "annual",
  "timestamp": "2025-09-19T14:04:23.504768",
  "data": {
    "financials": [
      {
        "costOfGoodsSold": 5305,
        "depreciationAmortization": 152,
        "dilutedAverageSharesOutstanding": 170.8,
        "dilutedEPS": 9.233,
        "ebit": 2688,
        "grossIncome": 5512,
        "interestExpense": 295,
        "interestIncomeExpense": -249,
        "minorityInterest": -5,
        "netIncome": 1577,
        "netIncomeAfterTaxes": 1582,
        "nonRecurringItems": -588,
        "otherOperatingExpensesTotal": 3,
        "period": "2024-12-31",
        "pretaxIncome": 1972,
        "provisionforIncomeTaxes": 390,
        "researchDevelopment": 917,
        "revenue": 10817,
        "sgaExpense": 1752,
        "totalOperatingExpense": 2824,
        "totalOtherIncomeExpenseNet": 121,
        "year": 2024
      },
      {
        "costOfGoodsSold": 5008,
        "depreciationAmortization": 177,
        "dilutedAverageSharesOutstanding": 172.1,
        "dilutedEPS": 9.9303,
        "ebit": 2360,
        "grossIncome": 4970,
        "interestExpense": 249,
        "interestIncomeExpense": -236,
        "minorityInterest": -5,
        "netIncome": 1709,
        "netIncomeAfterTaxes": 1714,
        "nonRecurringItems": -82,
        "otherOperatingExpensesTotal": 14,
        "period": "2023-12-31",
        "pretaxIncome": 2146,
        "provisionforIncomeTaxes": 432,
        "researchDevelopment": 858,
        "revenue": 9978,
        "sgaExpense": 1561,
        "totalOperatingExpense": 2610,
        "totalOtherIncomeExpenseNet": 104,
        "year": 2023
      },
      {
        "costOfGoodsSold": 4883,
        "depreciationAmortization": 257,
        "dilutedAverageSharesOutstanding": 172,
        "dilutedEPS": 7.93,
        "ebit": 1746,
        "grossIncome": 4229,
        "interestExpense": 240,
        "interestIncomeExpense": -259,
        "minorityInterest": -4,
        "netIncome": 1363,
        "netIncomeAfterTaxes": 1367,
        "nonRecurringItems": -92,
        "otherOperatingExpensesTotal": -3,
        "period": "2022-12-31",
        "pretaxIncome": 1515,
        "provisionforIncomeTaxes": 148,
        "researchDevelopment": 779,
        "revenue": 9112,
        "sgaExpense": 1450,
        "totalOperatingExpense": 2483,
        "totalOtherIncomeExpenseNet": 120,
        "year": 2022
      },
      {
        "costOfGoodsSold": 4131,
        "depreciationAmortization": 236,
        "dilutedAverageSharesOutstanding": 174,
        "dilutedEPS": 7.17,
        "ebit": 1719,
        "grossIncome": 4040,
        "interestExpense": 215,
        "interestIncomeExpense": -223,
        "minorityInterest": -5,
        "netIncome": 1245,
        "netIncomeAfterTaxes": 1250,
        "nonRecurringItems": -70,
        "otherOperatingExpensesTotal": -2,
        "period": "2021-12-31",
        "pretaxIncome": 1552,
        "provisionforIncomeTaxes": 302,
        "researchDevelopment": 734,
        "revenue": 8171,
        "sgaExpense": 1353,
        "totalOperatingExpense": 2321,
        "totalOtherIncomeExpenseNet": 126,
        "year": 2021
      },
      {
        "costOfGoodsSold": 3806,
        "depreciationAmortization": 215,
        "dilutedAverageSharesOutstanding": 174,
        "dilutedEPS": 5.45,
        "ebit": 1413,
        "grossIncome": 3608,
        "interestExpense": 233,
        "interestIncomeExpense": -232,
        "minorityInterest": -4,
        "netIncome": 949,
        "netIncomeAfterTaxes": 953,
        "nonRecurringItems": -90,
        "otherOperatingExpensesTotal": 1,
        "period": "2020-12-31",
        "pretaxIncome": 1174,
        "provisionforIncomeTaxes": 221,
        "researchDevelopment": 686,
        "revenue": 7414,
        "sgaExpense": 1293,
        "totalOperatingExpense": 2195,
        "totalOtherIncomeExpenseNet": 83,
        "year": 2020
      },
      {
        "costOfGoodsSold": 3956,
        "depreciationAmortization": 208,
        "dilutedAverageSharesOutstanding": 176,
        "dilutedEPS": 4.94,
        "ebit": 1632,
        "grossIncome": 3931,
        "interestExpense": 237,
        "interestIncomeExpense": -253,
        "minorityInterest": -3,
        "netIncome": 868,
        "netIncomeAfterTaxes": 871,
        "nonRecurringItems": -115,
        "otherOperatingExpensesTotal": 1,
        "period": "2019-12-31",
        "pretaxIncome": 1001,
        "provisionforIncomeTaxes": 130,
        "researchDevelopment": 687,
        "revenue": 7887,
        "sgaExpense": 1403,
        "totalOperatingExpense": 2299,
        "totalOtherIncomeExpenseNet": -263,
        "year": 2019
      },
      {
        "costOfGoodsSold": 3863,
        "depreciationAmortization": 188,
        "dilutedAverageSharesOutstanding": 172,
        "dilutedEPS": 5.61,
        "ebit": 1344,
        "grossIncome": 3480,
        "interestExpense": 240,
        "interestIncomeExpense": -246,
        "minorityInterest": -3,
        "netIncome": 966,
        "netIncomeAfterTaxes": 890,
        "nonRecurringItems": -88,
        "otherOperatingExpensesTotal": 57,
        "period": "2018-12-31",
        "pretaxIncome": 1102,
        "provisionforIncomeTaxes": 212,
        "researchDevelopment": 637,
        "revenue": 7343,
        "sgaExpense": 1254,
        "totalOperatingExpense": 2136,
        "totalOtherIncomeExpenseNet": 92,
        "year": 2018
      },
      {
        "costOfGoodsSold": 3356,
        "depreciationAmortization": 151,
        "dilutedAverageSharesOutstanding": 163,
        "dilutedEPS": -0.95,
        "ebit": 1326,
        "grossIncome": 3024,
        "interestExpense": 215,
        "interestIncomeExpense": -198,
        "minorityInterest": -4,
        "netIncome": -155,
        "netIncomeAfterTaxes": 723,
        "nonRecurringItems": -44,
        "period": "2017-12-31",
        "pretaxIncome": 1076,
        "provisionforIncomeTaxes": 353,
        "researchDevelopment": 568,
        "revenue": 6380,
        "sgaExpense": 979,
        "totalOperatingExpense": 1698,
        "totalOtherIncomeExpenseNet": -8,
        "year": 2017
      },
      {
        "costOfGoodsSold": 3169,
        "depreciationAmortization": 113,
        "dilutedAverageSharesOutstanding": 173,
        "dilutedEPS": 3.24,
        "ebit": 1159,
        "grossIncome": 2869,
        "interestExpense": 225,
        "interestIncomeExpense": -282,
        "minorityInterest": -2,
        "netIncome": 560,
        "netIncomeAfterTaxes": 562,
        "nonRecurringItems": -117,
        "otherOperatingExpensesTotal": 0,
        "period": "2016-12-31",
        "pretaxIncome": 844,
        "provisionforIncomeTaxes": 282,
        "researchDevelopment": 553,
        "revenue": 6038,
        "sgaExpense": 1044,
        "totalOperatingExpense": 1710,
        "totalOtherIncomeExpenseNet": 84,
        "year": 2016
      },
      {
        "costOfGoodsSold": 2976,
        "depreciationAmortization": 8,
        "dilutedAverageSharesOutstanding": 202,
        "dilutedEPS": 3.01,
        "ebit": 1070,
        "grossIncome": 2719,
        "interestExpense": 186,
        "interestIncomeExpense": -69,
        "minorityInterest": -3,
        "netIncome": 610,
        "netIncomeAfterTaxes": 643,
        "nonRecurringItems": -82,
        "period": "2015-12-31",
        "pretaxIncome": 917,
        "provisionforIncomeTaxes": 274,
        "researchDevelopment": 620,
        "revenue": 5695,
        "sgaExpense": 1021,
        "totalOperatingExpense": 1649,
        "totalOtherIncomeExpenseNet": -2,
        "year": 2015
      }
    ],
    "symbol": "MSI"
  }
}