{
  "symbol": "AMZN",
  "statement": "ic",
  "frequency": "annual",
  "timestamp": "2025-09-19T13:55:42.378668",
  "data": {
    "financials": [
      {
        "costOfGoodsSold": 326288,
        "depreciationAmortization": 838,
        "dilutedAverageSharesOutstanding": 10721,
        "dilutedEPS": 5.53,
        "ebit": 68518,
        "equityEarningsAffiliates": -101,
        "grossIncome": 311671,
        "interestExpense": 2406,
        "interestIncomeExpense": 585,
        "netIncome": 59248,
        "netIncomeAfterTaxes": 59349,
        "nonRecurringItems": 75,
        "period": "2024-12-31",
        "pretaxIncome": 68614,
        "provisionforIncomeTaxes": 9265,
        "researchDevelopment": 88544,
        "revenue": 637959,
        "sgaExpense": 153771,
        "totalOperatingExpense": 243153,
        "totalOtherIncomeExpenseNet": -564,
        "year": 2024
      },
      {
        "costOfGoodsSold": 304739,
        "depreciationAmortization": 706,
        "dilutedAverageSharesOutstanding": 10492,
        "dilutedEPS": 2.9,
        "ebit": 36913,
        "equityEarningsAffiliates": -12,
        "grossIncome": 270046,
        "interestExpense": 3182,
        "interestIncomeExpense": 816,
        "netIncome": 30425,
        "netIncomeAfterTaxes": 30437,
        "nonRecurringItems": -61,
        "period": "2023-12-31",
        "pretaxIncome": 37557,
        "provisionforIncomeTaxes": 7120,
        "researchDevelopment": 85622,
        "revenue": 574785,
        "sgaExpense": 146805,
        "totalOperatingExpense": 233133,
        "totalOtherIncomeExpenseNet": -111,
        "year": 2023
      },
      {
        "costOfGoodsSold": 288831,
        "depreciationAmortization": 604,
        "dilutedAverageSharesOutstanding": 10189,
        "dilutedEPS": -0.27,
        "ebit": 13348,
        "equityEarningsAffiliates": -3,
        "grossIncome": 225152,
        "interestExpense": 2367,
        "interestIncomeExpense": -15588,
        "netIncome": -2722,
        "netIncomeAfterTaxes": -2719,
        "nonRecurringItems": -1100,
        "otherOperatingExpensesTotal": -441,
        "period": "2022-12-31",
        "pretaxIncome": -5936,
        "provisionforIncomeTaxes": -3217,
        "researchDevelopment": 73213,
        "revenue": 513983,
        "sgaExpense": 138428,
        "totalOperatingExpense": 211804,
        "totalOtherIncomeExpenseNet": -2596,
        "year": 2022
      },
      {
        "costOfGoodsSold": 272344,
        "depreciationAmortization": 512,
        "dilutedAverageSharesOutstanding": 10300,
        "dilutedEPS": 3.24,
        "ebit": 24879,
        "equityEarningsAffiliates": 4,
        "grossIncome": 197478,
        "interestExpense": 1809,
        "interestIncomeExpense": 10110,
        "netIncome": 33364,
        "netIncomeAfterTaxes": 33360,
        "otherOperatingExpensesTotal": -450,
        "period": "2021-12-31",
        "pretaxIncome": 38151,
        "provisionforIncomeTaxes": 4791,
        "researchDevelopment": 56052,
        "revenue": 469822,
        "sgaExpense": 116485,
        "totalOperatingExpense": 172599,
        "totalOtherIncomeExpenseNet": 3162,
        "year": 2021
      },
      {
        "costOfGoodsSold": 233307,
        "depreciationAmortization": 509,
        "dilutedAverageSharesOutstanding": 10200,
        "dilutedEPS": 2.09,
        "ebit": 22899,
        "equityEarningsAffiliates": 16,
        "grossIncome": 152757,
        "interestExpense": 1647,
        "interestIncomeExpense": -224,
        "netIncome": 21331,
        "netIncomeAfterTaxes": 21315,
        "otherOperatingExpensesTotal": -584,
        "period": "2020-12-31",
        "pretaxIncome": 24178,
        "provisionforIncomeTaxes": 2863,
        "researchDevelopment": 42740,
        "revenue": 386064,
        "sgaExpense": 87193,
        "totalOperatingExpense": 129858,
        "totalOtherIncomeExpenseNet": 1503,
        "year": 2020
      },
      {
        "costOfGoodsSold": 165536,
        "depreciationAmortization": 565,
        "dilutedAverageSharesOutstanding": 10080,
        "dilutedEPS": 1.15,
        "ebit": 14541,
        "equityEarningsAffiliates": -14,
        "grossIncome": 114986,
        "interestExpense": 1600,
        "interestIncomeExpense": -557,
        "netIncome": 11588,
        "netIncomeAfterTaxes": 11602,
        "otherOperatingExpensesTotal": -364,
        "period": "2019-12-31",
        "pretaxIncome": 13976,
        "provisionforIncomeTaxes": 2374,
        "researchDevelopment": 35931,
        "revenue": 280522,
        "sgaExpense": 64313,
        "totalOperatingExpense": 100445,
        "totalOtherIncomeExpenseNet": -8,
        "year": 2019
      },
      {
        "costOfGoodsSold": 139156,
        "depreciationAmortization": 475,
        "dilutedAverageSharesOutstanding": 10000,
        "dilutedEPS": 0.99,
        "ebit": 12421,
        "equityEarningsAffiliates": 9,
        "grossIncome": 93731,
        "interestExpense": 1417,
        "interestIncomeExpense": -977,
        "netIncome": 10073,
        "netIncomeAfterTaxes": 9907,
        "otherOperatingExpensesTotal": -179,
        "period": "2018-12-31",
        "pretaxIncome": 11261,
        "provisionforIncomeTaxes": 1354,
        "researchDevelopment": 28837,
        "revenue": 232887,
        "sgaExpense": 52177,
        "totalOperatingExpense": 81310,
        "totalOtherIncomeExpenseNet": -183,
        "year": 2018
      },
      {
        "costOfGoodsSold": 111934,
        "depreciationAmortization": 366,
        "dilutedAverageSharesOutstanding": 9860,
        "dilutedEPS": 0.3,
        "ebit": 4106,
        "equityEarningsAffiliates": -4,
        "grossIncome": 65932,
        "interestExpense": 848,
        "interestIncomeExpense": -406,
        "netIncome": 3033,
        "netIncomeAfterTaxes": 2248,
        "otherOperatingExpensesTotal": -152,
        "period": "2017-12-31",
        "pretaxIncome": 3806,
        "provisionforIncomeTaxes": 1558,
        "researchDevelopment": 22620,
        "revenue": 177866,
        "sgaExpense": 38992,
        "totalOperatingExpense": 61826,
        "totalOtherIncomeExpenseNet": 106,
        "year": 2017
      },
      {
        "costOfGoodsSold": 88265,
        "depreciationAmortization": 287,
        "dilutedAverageSharesOutstanding": 9680,
        "dilutedEPS": 0.24,
        "ebit": 4186,
        "equityEarningsAffiliates": -96,
        "grossIncome": 47722,
        "interestExpense": 484,
        "interestIncomeExpense": -371,
        "netIncome": 2371,
        "netIncomeAfterTaxes": 2467,
        "otherOperatingExpensesTotal": -120,
        "period": "2016-12-31",
        "pretaxIncome": 3892,
        "provisionforIncomeTaxes": 1425,
        "researchDevelopment": 16085,
        "revenue": 135987,
        "sgaExpense": 27284,
        "totalOperatingExpense": 43536,
        "totalOtherIncomeExpenseNet": 77,
        "year": 2016
      },
      {
        "costOfGoodsSold": 71651,
        "depreciationAmortization": 228,
        "dilutedAverageSharesOutstanding": 9540,
        "dilutedEPS": 0.06,
        "ebit": 2233,
        "equityEarningsAffiliates": -22,
        "grossIncome": 35355,
        "interestExpense": 459,
        "interestIncomeExpense": -680,
        "netIncome": 596,
        "netIncomeAfterTaxes": 618,
        "otherOperatingExpensesTotal": -57,
        "period": "2015-12-31",
        "pretaxIncome": 1568,
        "provisionforIncomeTaxes": 950,
        "researchDevelopment": 12540,
        "revenue": 107006,
        "sgaExpense": 20411,
        "totalOperatingExpense": 33122,
        "totalOtherIncomeExpenseNet": 15,
        "year": 2015
      }
    ],
    "symbol": "AMZN"
  }
}