{
  "symbol": "CAT",
  "statement": "ic",
  "frequency": "annual",
  "timestamp": "2025-09-19T13:57:30.383346",
  "data": {
    "financials": [
      {
        "costOfGoodsSold": 40081,
        "dilutedAverageSharesOutstanding": 489.4,
        "dilutedEPS": 22.05,
        "ebit": 14717,
        "equityEarningsAffiliates": 44,
        "grossIncome": 24728,
        "interestExpense": 1798,
        "interestIncomeExpense": -1206,
        "minorityInterest": 4,
        "netIncome": 10792,
        "netIncomeAfterTaxes": 10744,
        "nonRecurringItems": -359,
        "otherOperatingExpensesTotal": 1237,
        "period": "2024-12-31",
        "pretaxIncome": 13373,
        "provisionforIncomeTaxes": 2629,
        "researchDevelopment": 2107,
        "revenue": 64809,
        "sgaExpense": 6667,
        "totalOperatingExpense": 10011,
        "totalOtherIncomeExpenseNet": 221,
        "year": 2024
      },
      {
        "costOfGoodsSold": 42657,
        "dilutedAverageSharesOutstanding": 513.6,
        "dilutedEPS": 20.12,
        "ebit": 14776,
        "equityEarningsAffiliates": 63,
        "grossIncome": 24403,
        "interestExpense": 1541,
        "interestIncomeExpense": -1132,
        "minorityInterest": 3,
        "netIncome": 10335,
        "netIncomeAfterTaxes": 10269,
        "nonRecurringItems": -780,
        "otherOperatingExpensesTotal": 1148,
        "period": "2023-12-31",
        "pretaxIncome": 13050,
        "provisionforIncomeTaxes": 2781,
        "researchDevelopment": 2108,
        "revenue": 67060,
        "sgaExpense": 6371,
        "totalOperatingExpense": 9627,
        "totalOtherIncomeExpenseNet": 186,
        "year": 2023
      },
      {
        "costOfGoodsSold": 41135,
        "dilutedAverageSharesOutstanding": 530.4,
        "dilutedEPS": 12.64,
        "ebit": 9693,
        "equityEarningsAffiliates": 19,
        "grossIncome": 18292,
        "interestExpense": 1008,
        "interestIncomeExpense": 131,
        "minorityInterest": 1,
        "netIncome": 6705,
        "netIncomeAfterTaxes": 6685,
        "nonRecurringItems": -1224,
        "otherOperatingExpensesTotal": 1134,
        "period": "2022-12-31",
        "pretaxIncome": 8752,
        "provisionforIncomeTaxes": 2067,
        "researchDevelopment": 1814,
        "revenue": 59427,
        "sgaExpense": 5651,
        "totalOperatingExpense": 8599,
        "totalOtherIncomeExpenseNet": 152,
        "year": 2022
      },
      {
        "costOfGoodsSold": 35454,
        "dilutedAverageSharesOutstanding": 548.5,
        "dilutedEPS": 11.83,
        "ebit": 7423,
        "equityEarningsAffiliates": 31,
        "grossIncome": 15517,
        "interestExpense": 943,
        "interestIncomeExpense": 526,
        "minorityInterest": -4,
        "netIncome": 6489,
        "netIncomeAfterTaxes": 6426,
        "nonRecurringItems": -90,
        "otherOperatingExpensesTotal": 1043,
        "period": "2021-12-31",
        "pretaxIncome": 8204,
        "provisionforIncomeTaxes": 1778,
        "researchDevelopment": 1686,
        "revenue": 50971,
        "sgaExpense": 5365,
        "totalOperatingExpense": 8094,
        "totalOtherIncomeExpenseNet": 345,
        "year": 2021
      },
      {
        "costOfGoodsSold": 29039,
        "dilutedAverageSharesOutstanding": 548.6,
        "dilutedEPS": 5.46,
        "ebit": 5496,
        "equityEarningsAffiliates": 14,
        "grossIncome": 12709,
        "interestExpense": 1103,
        "interestIncomeExpense": -1274,
        "minorityInterest": -5,
        "netIncome": 2998,
        "netIncomeAfterTaxes": 2909,
        "nonRecurringItems": -354,
        "otherOperatingExpensesTotal": 1156,
        "period": "2020-12-31",
        "pretaxIncome": 3995,
        "provisionforIncomeTaxes": 1086,
        "researchDevelopment": 1415,
        "revenue": 41748,
        "sgaExpense": 4642,
        "totalOperatingExpense": 7213,
        "totalOtherIncomeExpenseNet": 127,
        "year": 2020
      },
      {
        "costOfGoodsSold": 36508,
        "dilutedAverageSharesOutstanding": 567.5,
        "dilutedEPS": 10.73,
        "ebit": 9310,
        "equityEarningsAffiliates": 28,
        "grossIncome": 17292,
        "interestExpense": 1175,
        "interestIncomeExpense": -981,
        "minorityInterest": -1,
        "netIncome": 6093,
        "netIncomeAfterTaxes": 5888,
        "nonRecurringItems": -266,
        "otherOperatingExpensesTotal": 1127,
        "period": "2019-12-31",
        "pretaxIncome": 7812,
        "provisionforIncomeTaxes": 1924,
        "researchDevelopment": 1693,
        "revenue": 53800,
        "sgaExpense": 5162,
        "totalOperatingExpense": 7982,
        "totalOtherIncomeExpenseNet": -251,
        "year": 2019
      },
      {
        "costOfGoodsSold": 36815,
        "dilutedAverageSharesOutstanding": 599.4,
        "dilutedEPS": 10.25,
        "ebit": 9401,
        "equityEarningsAffiliates": 24,
        "grossIncome": 17907,
        "interestExpense": 1126,
        "interestIncomeExpense": -1235,
        "minorityInterest": -1,
        "netIncome": 6147,
        "netIncomeAfterTaxes": 6020,
        "nonRecurringItems": -386,
        "otherOperatingExpensesTotal": 1178,
        "period": "2018-12-31",
        "pretaxIncome": 7822,
        "provisionforIncomeTaxes": 1802,
        "researchDevelopment": 1850,
        "revenue": 54722,
        "sgaExpense": 5478,
        "totalOperatingExpense": 8506,
        "totalOtherIncomeExpenseNet": 42,
        "year": 2018
      },
      {
        "costOfGoodsSold": 31087,
        "dilutedAverageSharesOutstanding": 599.3,
        "dilutedEPS": 1.25,
        "ebit": 6362,
        "equityEarningsAffiliates": 16,
        "grossIncome": 14375,
        "interestExpense": 1177,
        "interestIncomeExpense": -1055,
        "minorityInterest": -5,
        "netIncome": 754,
        "netIncomeAfterTaxes": 3114,
        "nonRecurringItems": -1171,
        "otherOperatingExpensesTotal": 1172,
        "period": "2017-12-31",
        "pretaxIncome": 4082,
        "provisionforIncomeTaxes": 968,
        "researchDevelopment": 1842,
        "revenue": 45462,
        "sgaExpense": 4999,
        "totalOperatingExpense": 8013,
        "totalOtherIncomeExpenseNet": -54,
        "year": 2017
      },
      {
        "costOfGoodsSold": 27782,
        "dilutedAverageSharesOutstanding": 584.3,
        "dilutedEPS": -0.11,
        "ebit": 3372,
        "equityEarningsAffiliates": -6,
        "grossIncome": 10755,
        "interestExpense": 1101,
        "interestIncomeExpense": -1047,
        "minorityInterest": -8,
        "netIncome": -67,
        "netIncomeAfterTaxes": -53,
        "nonRecurringItems": -1614,
        "otherOperatingExpensesTotal": 1147,
        "period": "2016-12-31",
        "pretaxIncome": 139,
        "provisionforIncomeTaxes": 192,
        "researchDevelopment": 1853,
        "revenue": 38537,
        "sgaExpense": 4383,
        "totalOperatingExpense": 7383,
        "totalOtherIncomeExpenseNet": -572,
        "year": 2016
      },
      {
        "costOfGoodsSold": 33284,
        "dilutedAverageSharesOutstanding": 601.3,
        "dilutedEPS": 4.18,
        "ebit": 5923,
        "equityEarningsAffiliates": 0,
        "grossIncome": 13727,
        "interestExpense": 1094,
        "interestIncomeExpense": -1114,
        "minorityInterest": -11,
        "netIncome": 2512,
        "netIncomeAfterTaxes": 2523,
        "nonRecurringItems": -1551,
        "otherOperatingExpensesTotal": 734,
        "period": "2015-12-31",
        "pretaxIncome": 3439,
        "provisionforIncomeTaxes": 916,
        "researchDevelopment": 2119,
        "revenue": 47011,
        "sgaExpense": 4951,
        "totalOperatingExpense": 7804,
        "totalOtherIncomeExpenseNet": 181,
        "year": 2015
      }
    ],
    "symbol": "CAT"
  }
}