{
  "symbol": "EXPE",
  "statement": "ic",
  "frequency": "annual",
  "timestamp": "2025-09-19T14:00:11.981464",
  "data": {
    "financials": [
      {
        "costOfGoodsSold": 1443,
        "depreciationAmortization": 838,
        "dilutedAverageSharesOutstanding": 137.919,
        "dilutedEPS": 8.9473,
        "ebit": 1664,
        "grossIncome": 12248,
        "interestExpense": 246,
        "interestIncomeExpense": 212,
        "minorityInterest": 10,
        "netIncome": 1234,
        "netIncomeAfterTaxes": 1224,
        "nonRecurringItems": -334,
        "otherOperatingExpensesTotal": -36,
        "period": "2024-12-31",
        "pretaxIncome": 1542,
        "provisionforIncomeTaxes": 318,
        "researchDevelopment": 1314,
        "revenue": 13691,
        "sgaExpense": 8468,
        "totalOperatingExpense": 10584,
        "totalOtherIncomeExpenseNet": 0,
        "year": 2024
      },
      {
        "costOfGoodsSold": 1573,
        "depreciationAmortization": 807,
        "dilutedAverageSharesOutstanding": 150.228,
        "dilutedEPS": 5.3053,
        "ebit": 1467,
        "grossIncome": 11266,
        "interestExpense": 245,
        "interestIncomeExpense": -107,
        "minorityInterest": 109,
        "netIncome": 797,
        "netIncomeAfterTaxes": 688,
        "nonRecurringItems": -342,
        "otherOperatingExpensesTotal": -29,
        "period": "2023-12-31",
        "pretaxIncome": 1018,
        "provisionforIncomeTaxes": 330,
        "researchDevelopment": 1358,
        "revenue": 12839,
        "sgaExpense": 7663,
        "totalOperatingExpense": 9799,
        "totalOtherIncomeExpenseNet": 0,
        "year": 2023
      },
      {
        "costOfGoodsSold": 1657,
        "depreciationAmortization": 792,
        "dilutedAverageSharesOutstanding": 162,
        "dilutedEPS": 2.18,
        "ebit": 1189,
        "grossIncome": 10010,
        "interestExpense": 277,
        "interestIncomeExpense": -602,
        "minorityInterest": 9,
        "netIncome": 352,
        "netIncomeAfterTaxes": 343,
        "nonRecurringItems": -49,
        "otherOperatingExpensesTotal": -25,
        "period": "2022-12-31",
        "pretaxIncome": 538,
        "provisionforIncomeTaxes": 195,
        "researchDevelopment": 1181,
        "revenue": 11667,
        "sgaExpense": 6873,
        "totalOperatingExpense": 8821,
        "totalOtherIncomeExpenseNet": 0,
        "year": 2022
      },
      {
        "costOfGoodsSold": 1522,
        "depreciationAmortization": 814,
        "dilutedAverageSharesOutstanding": 150,
        "dilutedEPS": -1.8,
        "ebit": 262,
        "grossIncome": 7076,
        "interestExpense": 351,
        "interestIncomeExpense": -419,
        "minorityInterest": -3,
        "netIncome": -269,
        "netIncomeAfterTaxes": 15,
        "nonRecurringItems": 100,
        "otherOperatingExpensesTotal": -40,
        "period": "2021-12-31",
        "pretaxIncome": -38,
        "provisionforIncomeTaxes": -53,
        "researchDevelopment": 1074,
        "revenue": 8598,
        "sgaExpense": 4966,
        "totalOperatingExpense": 6814,
        "totalOtherIncomeExpenseNet": 19,
        "year": 2021
      },
      {
        "costOfGoodsSold": 1680,
        "depreciationAmortization": 893,
        "dilutedAverageSharesOutstanding": 141,
        "dilutedEPS": -19.05,
        "ebit": -1527,
        "grossIncome": 3519,
        "interestExpense": 360,
        "interestIncomeExpense": -413,
        "minorityInterest": 116,
        "netIncome": -2687,
        "netIncomeAfterTaxes": -2728,
        "nonRecurringItems": -1205,
        "otherOperatingExpensesTotal": 87,
        "period": "2020-12-31",
        "pretaxIncome": -3151,
        "provisionforIncomeTaxes": -423,
        "researchDevelopment": 1010,
        "revenue": 5199,
        "sgaExpense": 3056,
        "totalOperatingExpense": 5046,
        "totalOtherIncomeExpenseNet": -6,
        "year": 2020
      },
      {
        "costOfGoodsSold": 2163,
        "depreciationAmortization": 735,
        "dilutedAverageSharesOutstanding": 150,
        "dilutedEPS": 3.77,
        "ebit": 961,
        "grossIncome": 9904,
        "interestExpense": 173,
        "interestIncomeExpense": -140,
        "minorityInterest": -7,
        "netIncome": 565,
        "netIncomeAfterTaxes": 572,
        "nonRecurringItems": -58,
        "otherOperatingExpensesTotal": 215,
        "period": "2019-12-31",
        "pretaxIncome": 775,
        "provisionforIncomeTaxes": 203,
        "researchDevelopment": 1226,
        "revenue": 12067,
        "sgaExpense": 6767,
        "totalOperatingExpense": 8943,
        "totalOtherIncomeExpenseNet": 12,
        "year": 2019
      },
      {
        "costOfGoodsSold": 1965,
        "depreciationAmortization": 778,
        "dilutedAverageSharesOutstanding": 153,
        "dilutedEPS": 2.66,
        "ebit": 783,
        "grossIncome": 9258,
        "interestExpense": 190,
        "interestIncomeExpense": -227,
        "minorityInterest": 8,
        "netIncome": 406,
        "netIncomeAfterTaxes": 398,
        "nonRecurringItems": -69,
        "otherOperatingExpensesTotal": 201,
        "period": "2018-12-31",
        "pretaxIncome": 485,
        "provisionforIncomeTaxes": 87,
        "researchDevelopment": 1122,
        "revenue": 11223,
        "sgaExpense": 6374,
        "totalOperatingExpense": 8475,
        "totalOtherIncomeExpenseNet": -2,
        "year": 2018
      },
      {
        "costOfGoodsSold": 1757,
        "depreciationAmortization": 720,
        "dilutedAverageSharesOutstanding": 156,
        "dilutedEPS": 2.42,
        "ebit": 667,
        "grossIncome": 8303,
        "interestExpense": 181.712,
        "interestIncomeExpense": -206,
        "minorityInterest": 7,
        "netIncome": 378,
        "netIncomeAfterTaxes": 357,
        "nonRecurringItems": -42,
        "otherOperatingExpensesTotal": 178,
        "period": "2017-12-31",
        "pretaxIncome": 417,
        "provisionforIncomeTaxes": 60,
        "researchDevelopment": 942,
        "revenue": 10060,
        "sgaExpense": 5796,
        "totalOperatingExpense": 7636,
        "totalOtherIncomeExpenseNet": -3,
        "year": 2017
      },
      {
        "costOfGoodsSold": 1597,
        "depreciationAmortization": 679,
        "dilutedAverageSharesOutstanding": 155,
        "dilutedEPS": 1.82,
        "ebit": 565,
        "grossIncome": 7177,
        "interestExpense": 173.148,
        "interestIncomeExpense": -182,
        "minorityInterest": 21,
        "netIncome": 282,
        "netIncomeAfterTaxes": 261,
        "nonRecurringItems": -103,
        "otherOperatingExpensesTotal": 159,
        "period": "2016-12-31",
        "pretaxIncome": 277,
        "provisionforIncomeTaxes": 15,
        "researchDevelopment": 873,
        "revenue": 8774,
        "sgaExpense": 4901,
        "totalOperatingExpense": 6612,
        "totalOtherIncomeExpenseNet": -3,
        "year": 2016
      },
      {
        "costOfGoodsSold": 1310,
        "depreciationAmortization": 164,
        "dilutedAverageSharesOutstanding": 134,
        "dilutedEPS": 5.7,
        "ebit": 413,
        "grossIncome": 5363,
        "interestExpense": 126.195,
        "interestIncomeExpense": -7,
        "minorityInterest": 42,
        "netIncome": 764,
        "netIncomeAfterTaxes": 723,
        "nonRecurringItems": 509,
        "otherOperatingExpensesTotal": 494,
        "period": "2015-12-31",
        "pretaxIncome": 926,
        "provisionforIncomeTaxes": 203,
        "researchDevelopment": 830,
        "revenue": 6672,
        "sgaExpense": 3461,
        "totalOperatingExpense": 4949,
        "totalOtherIncomeExpenseNet": 11,
        "year": 2015
      }
    ],
    "symbol": "EXPE"
  }
}