{
  "symbol": "KIM",
  "statement": "ic",
  "frequency": "annual",
  "timestamp": "2025-09-19T14:02:48.122474",
  "data": {
    "financials": [
      {
        "costOfGoodsSold": 637.653,
        "depreciationAmortization": 603.685,
        "dilutedAverageSharesOutstanding": 672.136,
        "dilutedEPS": 0.55,
        "ebit": 657.536,
        "equityEarningsAffiliates": 93.648,
        "gainLossOnDispositionOfAssets": 1.274,
        "grossIncome": 1399.361,
        "interestExpense": 307.806,
        "interestIncomeExpense": -335.485,
        "minorityInterest": -8.654,
        "netIncome": 371.261,
        "netIncomeAfterTaxes": 325.791,
        "nonRecurringItems": -29.722,
        "period": "2024-12-31",
        "pretaxIncome": 351.208,
        "provisionforIncomeTaxes": 25.417,
        "revenue": 2037.014,
        "sgaExpense": 138.14,
        "totalOperatingExpense": 741.825,
        "totalOtherIncomeExpenseNet": 57.605,
        "year": 2024
      },
      {
        "costOfGoodsSold": 556.718,
        "depreciationAmortization": 507.265,
        "dilutedAverageSharesOutstanding": 618.199,
        "dilutedEPS": 1.02,
        "ebit": 582.61,
        "equityEarningsAffiliates": 82.987,
        "gainLossOnDispositionOfAssets": 74.976,
        "grossIncome": 1226.682,
        "interestExpense": 250.201,
        "interestIncomeExpense": -34.823,
        "minorityInterest": -11.676,
        "netIncome": 628.756,
        "netIncomeAfterTaxes": 582.962,
        "nonRecurringItems": -8.009,
        "period": "2023-12-31",
        "pretaxIncome": 643.914,
        "provisionforIncomeTaxes": 60.952,
        "revenue": 1783.4,
        "sgaExpense": 136.807,
        "totalOperatingExpense": 644.072,
        "totalOtherIncomeExpenseNet": 29.16,
        "year": 2023
      },
      {
        "costOfGoodsSold": 530.907,
        "depreciationAmortization": 505,
        "dilutedAverageSharesOutstanding": 617.858,
        "dilutedEPS": 0.16,
        "ebit": 572.243,
        "equityEarningsAffiliates": 126.884,
        "gainLossOnDispositionOfAssets": 15.179,
        "grossIncome": 1196.777,
        "interestExpense": 226.823,
        "interestIncomeExpense": -542.331,
        "minorityInterest": 11.442,
        "netIncome": 98.576,
        "netIncomeAfterTaxes": -12.35,
        "nonRecurringItems": -29.616,
        "period": "2022-12-31",
        "pretaxIncome": 44.304,
        "provisionforIncomeTaxes": 56.654,
        "revenue": 1727.684,
        "sgaExpense": 119.534,
        "totalOperatingExpense": 624.534,
        "totalOtherIncomeExpenseNet": 28.829,
        "year": 2022
      },
      {
        "costOfGoodsSold": 417.911,
        "depreciationAmortization": 395.32,
        "dilutedAverageSharesOutstanding": 511.385,
        "dilutedEPS": 1.6,
        "ebit": 447.233,
        "equityEarningsAffiliates": 107.95,
        "gainLossOnDispositionOfAssets": 30.841,
        "grossIncome": 946.674,
        "interestExpense": 204.133,
        "interestIncomeExpense": 301.03,
        "minorityInterest": -5.637,
        "netIncome": 815.601,
        "netIncomeAfterTaxes": 741.746,
        "nonRecurringItems": -53.788,
        "period": "2021-12-31",
        "pretaxIncome": 745.126,
        "provisionforIncomeTaxes": 3.38,
        "revenue": 1364.585,
        "sgaExpense": 104.121,
        "totalOperatingExpense": 499.441,
        "totalOtherIncomeExpenseNet": 19.81,
        "year": 2021
      },
      {
        "costOfGoodsSold": 342.969,
        "depreciationAmortization": 288.955,
        "dilutedAverageSharesOutstanding": 431.633,
        "dilutedEPS": 2.25,
        "ebit": 332.752,
        "equityEarningsAffiliates": 75.981,
        "gainLossOnDispositionOfAssets": 6.484,
        "grossIncome": 714.924,
        "interestExpense": 186.904,
        "interestIncomeExpense": 598.681,
        "minorityInterest": -2.044,
        "netIncome": 971.23,
        "netIncomeAfterTaxes": 926.896,
        "nonRecurringItems": -14.162,
        "period": "2020-12-31",
        "pretaxIncome": 927.874,
        "provisionforIncomeTaxes": 0.978,
        "revenue": 1057.893,
        "sgaExpense": 93.217,
        "totalOperatingExpense": 382.172,
        "totalOtherIncomeExpenseNet": 4.119,
        "year": 2020
      },
      {
        "costOfGoodsSold": 336.951,
        "depreciationAmortization": 277.879,
        "dilutedAverageSharesOutstanding": 421.799,
        "dilutedEPS": 0.8,
        "ebit": 447.112,
        "equityEarningsAffiliates": 98.238,
        "gainLossOnDispositionOfAssets": 79.218,
        "grossIncome": 821.933,
        "interestExpense": 177.395,
        "interestIncomeExpense": -177.395,
        "minorityInterest": -2.956,
        "netIncome": 337.389,
        "netIncomeAfterTaxes": 315.323,
        "nonRecurringItems": -48.743,
        "period": "2019-12-31",
        "pretaxIncome": 312.006,
        "provisionforIncomeTaxes": -3.317,
        "revenue": 1158.884,
        "sgaExpense": 96.942,
        "totalOperatingExpense": 374.821,
        "totalOtherIncomeExpenseNet": 11.814,
        "year": 2019
      },
      {
        "costOfGoodsSold": 328.559,
        "depreciationAmortization": 310.38,
        "dilutedAverageSharesOutstanding": 421.379,
        "dilutedEPS": 1.02,
        "ebit": 431.773,
        "equityEarningsAffiliates": 100.717,
        "gainLossOnDispositionOfAssets": 229.84,
        "grossIncome": 836.203,
        "interestExpense": 183.339,
        "interestIncomeExpense": -183.339,
        "minorityInterest": -0.668,
        "netIncome": 429.708,
        "netIncomeAfterTaxes": 397.746,
        "nonRecurringItems": -91.969,
        "period": "2018-12-31",
        "pretaxIncome": 399.346,
        "provisionforIncomeTaxes": 1.6,
        "revenue": 1164.762,
        "sgaExpense": 94.05,
        "totalOperatingExpense": 404.43,
        "totalOtherIncomeExpenseNet": 13.041,
        "year": 2018
      },
      {
        "costOfGoodsSold": 311.128,
        "depreciationAmortization": 360.811,
        "dilutedAverageSharesOutstanding": 424.019,
        "dilutedEPS": 0.88,
        "ebit": 404.81,
        "equityEarningsAffiliates": 198.924,
        "grossIncome": 889.706,
        "interestExpense": 191.956,
        "interestIncomeExpense": -189.147,
        "minorityInterest": -13.596,
        "netIncome": 370.329,
        "netIncomeAfterTaxes": 148.309,
        "nonRecurringItems": -69.084,
        "period": "2017-12-31",
        "pretaxIncome": 146.329,
        "provisionforIncomeTaxes": -1.98,
        "revenue": 1200.834,
        "sgaExpense": 124.085,
        "totalOperatingExpense": 484.896,
        "totalOtherIncomeExpenseNet": -0.25,
        "year": 2017
      },
      {
        "costOfGoodsSold": 298.518,
        "depreciationAmortization": 355.32,
        "dilutedAverageSharesOutstanding": 419.709,
        "dilutedEPS": 0.79,
        "ebit": 394.089,
        "equityEarningsAffiliates": 303.873,
        "grossIncome": 872.274,
        "interestExpense": 192.549,
        "interestIncomeExpense": -191.071,
        "minorityInterest": -7.288,
        "netIncome": 330.612,
        "netIncomeAfterTaxes": -4.52,
        "nonRecurringItems": -138.94,
        "period": "2016-12-31",
        "pretaxIncome": 68.025,
        "provisionforIncomeTaxes": 72.545,
        "revenue": 1170.792,
        "sgaExpense": 122.865,
        "totalOperatingExpense": 478.185,
        "totalOtherIncomeExpenseNet": 3.947,
        "year": 2016
      },
      {
        "costOfGoodsSold": 304.477,
        "depreciationAmortization": 344.527,
        "dilutedAverageSharesOutstanding": 412.851,
        "dilutedEPS": 2,
        "ebit": 388.955,
        "equityEarningsAffiliates": 665.719,
        "grossIncome": 862.292,
        "interestExpense": 218.891,
        "interestIncomeExpense": -179.83,
        "minorityInterest": -6.028,
        "netIncome": 827.081,
        "netIncomeAfterTaxes": 108.686,
        "nonRecurringItems": -45.383,
        "period": "2015-12-31",
        "pretaxIncome": 168.916,
        "provisionforIncomeTaxes": 60.23,
        "revenue": 1166.769,
        "sgaExpense": 128.81,
        "totalOperatingExpense": 473.337,
        "totalOtherIncomeExpenseNet": 5.174,
        "year": 2015
      }
    ],
    "symbol": "KIM"
  }
}