{
  "symbol": "XEL",
  "statement": "ic",
  "frequency": "annual",
  "timestamp": "2025-09-19T14:09:01.886512",
  "data": {
    "financials": [
      {
        "costOfGoodsSold": 965,
        "depreciationAmortization": 2744,
        "dilutedAverageSharesOutstanding": 563,
        "dilutedEPS": 3.4387,
        "ebit": 2386,
        "grossIncome": 12476,
        "interestExpense": 1182,
        "interestIncomeExpense": -1163,
        "netIncome": 1936,
        "netIncomeAfterTaxes": 1936,
        "nonRecurringItems": 0,
        "operationsMaintenance": 2497,
        "otherOperatingExpensesTotal": 624,
        "otherRevenue": 64,
        "period": "2024-12-31",
        "pretaxIncome": 1534,
        "provisionforIncomeTaxes": -402,
        "purchasedFuelPowerGas": 3560,
        "revenue": 13441,
        "sgaExpense": 665,
        "totalOperatingExpense": 10090,
        "totalOtherIncomeExpenseNet": 311,
        "year": 2024
      },
      {
        "costOfGoodsSold": 1505,
        "depreciationAmortization": 2448,
        "dilutedAverageSharesOutstanding": 552,
        "dilutedEPS": 3.2083,
        "ebit": 2588,
        "grossIncome": 12701,
        "interestExpense": 972,
        "interestIncomeExpense": -937,
        "netIncome": 1771,
        "netIncomeAfterTaxes": 1771,
        "nonRecurringItems": -107,
        "operationsMaintenance": 2402,
        "otherOperatingExpensesTotal": 657,
        "otherRevenue": 115,
        "period": "2023-12-31",
        "pretaxIncome": 1625,
        "provisionforIncomeTaxes": -146,
        "purchasedFuelPowerGas": 4037,
        "revenue": 14206,
        "sgaExpense": 569,
        "totalOperatingExpense": 10113,
        "totalOtherIncomeExpenseNet": 81,
        "year": 2023
      },
      {
        "costOfGoodsSold": 1954,
        "depreciationAmortization": 2413,
        "dilutedAverageSharesOutstanding": 547,
        "dilutedEPS": 3.1737,
        "ebit": 2428,
        "grossIncome": 13356,
        "interestExpense": 894,
        "interestIncomeExpense": -858,
        "netIncome": 1736,
        "netIncomeAfterTaxes": 1736,
        "nonRecurringItems": -4,
        "operationsMaintenance": 2452,
        "otherOperatingExpensesTotal": 688,
        "otherRevenue": 107,
        "period": "2022-12-31",
        "pretaxIncome": 1601,
        "provisionforIncomeTaxes": -135,
        "purchasedFuelPowerGas": 4764,
        "revenue": 15310,
        "sgaExpense": 611,
        "totalOperatingExpense": 10928,
        "totalOtherIncomeExpenseNet": 35,
        "year": 2022
      },
      {
        "costOfGoodsSold": 1119,
        "depreciationAmortization": 2121,
        "dilutedAverageSharesOutstanding": 540,
        "dilutedEPS": 2.9574,
        "ebit": 2203,
        "grossIncome": 12312,
        "interestExpense": 787,
        "interestIncomeExpense": -725,
        "netIncome": 1597,
        "netIncomeAfterTaxes": 1597,
        "nonRecurringItems": -7,
        "operationsMaintenance": 2285,
        "otherOperatingExpensesTotal": 630,
        "otherRevenue": 94,
        "period": "2021-12-31",
        "pretaxIncome": 1527,
        "provisionforIncomeTaxes": -70,
        "purchasedFuelPowerGas": 4482,
        "revenue": 13431,
        "sgaExpense": 591,
        "totalOperatingExpense": 10109,
        "totalOtherIncomeExpenseNet": 56,
        "year": 2021
      },
      {
        "costOfGoodsSold": 726,
        "depreciationAmortization": 1948,
        "dilutedAverageSharesOutstanding": 528,
        "dilutedEPS": 2.79,
        "ebit": 2116,
        "grossIncome": 10800,
        "interestExpense": 770,
        "interestIncomeExpense": -730,
        "netIncome": 1473,
        "netIncomeAfterTaxes": 1473,
        "operationsMaintenance": 2298,
        "otherOperatingExpensesTotal": 612,
        "otherRevenue": 88,
        "period": "2020-12-31",
        "pretaxIncome": 1467,
        "provisionforIncomeTaxes": -6,
        "purchasedFuelPowerGas": 3274,
        "revenue": 11526,
        "sgaExpense": 552,
        "totalOperatingExpense": 8684,
        "totalOtherIncomeExpenseNet": 81,
        "year": 2020
      },
      {
        "costOfGoodsSold": 958,
        "depreciationAmortization": 1765,
        "dilutedAverageSharesOutstanding": 520,
        "dilutedEPS": 2.64,
        "ebit": 2111,
        "grossIncome": 10571,
        "interestExpense": 710,
        "interestIncomeExpense": -678,
        "netIncome": 1372,
        "netIncomeAfterTaxes": 1372,
        "operationsMaintenance": 2304,
        "otherOperatingExpensesTotal": 569,
        "otherRevenue": 88,
        "period": "2019-12-31",
        "pretaxIncome": 1500,
        "provisionforIncomeTaxes": 128,
        "purchasedFuelPowerGas": 3282,
        "revenue": 11529,
        "sgaExpense": 540,
        "totalOperatingExpense": 8460,
        "totalOtherIncomeExpenseNet": 67,
        "year": 2019
      },
      {
        "costOfGoodsSold": 874,
        "depreciationAmortization": 1642,
        "dilutedAverageSharesOutstanding": 511,
        "dilutedEPS": 2.47,
        "ebit": 1969,
        "grossIncome": 10663,
        "interestExpense": 627,
        "interestIncomeExpense": -596,
        "netIncome": 1261,
        "netIncomeAfterTaxes": 1261,
        "operationsMaintenance": 2352,
        "otherOperatingExpensesTotal": 556,
        "otherRevenue": 93,
        "period": "2018-12-31",
        "pretaxIncome": 1442,
        "provisionforIncomeTaxes": 181,
        "purchasedFuelPowerGas": 3854,
        "revenue": 11537,
        "sgaExpense": 290,
        "totalOperatingExpense": 8694,
        "totalOtherIncomeExpenseNet": 69,
        "year": 2018
      },
      {
        "costOfGoodsSold": 851,
        "depreciationAmortization": 1479,
        "dilutedAverageSharesOutstanding": 509,
        "dilutedEPS": 2.25,
        "ebit": 2229,
        "grossIncome": 10553,
        "interestExpense": 604,
        "interestIncomeExpense": -580,
        "netIncome": 1148,
        "netIncomeAfterTaxes": 1171,
        "operationsMaintenance": 2270,
        "otherOperatingExpensesTotal": 545,
        "otherRevenue": 88,
        "period": "2017-12-31",
        "pretaxIncome": 1690,
        "provisionforIncomeTaxes": 519,
        "purchasedFuelPowerGas": 3757,
        "revenue": 11404,
        "sgaExpense": 273,
        "totalOperatingExpense": 8324,
        "totalOtherIncomeExpenseNet": 41,
        "year": 2017
      },
      {
        "costOfGoodsSold": 761,
        "depreciationAmortization": 1303,
        "dilutedAverageSharesOutstanding": 509,
        "dilutedEPS": 2.21,
        "ebit": 2248,
        "grossIncome": 10346,
        "interestExpense": 595,
        "interestIncomeExpense": -561,
        "netIncome": 1123,
        "netIncomeAfterTaxes": 1123,
        "operationsMaintenance": 2300,
        "otherOperatingExpensesTotal": 532,
        "otherRevenue": 78,
        "period": "2016-12-31",
        "pretaxIncome": 1704,
        "provisionforIncomeTaxes": 581,
        "purchasedFuelPowerGas": 3718,
        "revenue": 11107,
        "sgaExpense": 245,
        "totalOperatingExpense": 8098,
        "totalOtherIncomeExpenseNet": 17,
        "year": 2016
      },
      {
        "costOfGoodsSold": 941,
        "depreciationAmortization": 1125,
        "dilutedAverageSharesOutstanding": 508,
        "dilutedEPS": 1.94,
        "ebit": 2130,
        "grossIncome": 10083,
        "interestExpense": 540.344,
        "interestIncomeExpense": -505,
        "netIncome": 984,
        "netIncomeAfterTaxes": 984,
        "nonRecurringItems": -129,
        "operationsMaintenance": 2330,
        "otherOperatingExpensesTotal": 512,
        "otherRevenue": 57,
        "period": "2015-12-31",
        "pretaxIncome": 1527,
        "provisionforIncomeTaxes": 543,
        "purchasedFuelPowerGas": 3763,
        "revenue": 11024,
        "sgaExpense": 225,
        "totalOperatingExpense": 7954,
        "totalOtherIncomeExpenseNet": 31,
        "year": 2015
      }
    ],
    "symbol": "XEL"
  }
}