{
  "symbol": "SNPS",
  "statement": "ic",
  "frequency": "annual",
  "timestamp": "2025-09-19T14:07:05.882666",
  "data": {
    "financials": [
      {
        "costOfGoodsSold": 1245.289,
        "depreciationAmortization": 16.238,
        "dilutedAverageSharesOutstanding": 155.944,
        "dilutedEPS": 14.51,
        "ebit": 1355.711,
        "gainLossOnDispositionOfAssets": 85.446,
        "grossIncome": 4882.147,
        "interestExpense": 35.161,
        "interestIncomeExpense": 92.92,
        "minorityInterest": 27.57,
        "netIncome": 2263.38,
        "netIncomeAfterTaxes": 1414.14,
        "nonRecurringItems": 0,
        "otherOperatingExpensesTotal": 48.5,
        "period": "2024-10-31",
        "pretaxIncome": 1513.858,
        "provisionforIncomeTaxes": 99.718,
        "researchDevelopment": 2082.36,
        "revenue": 6127.436,
        "sgaExpense": 1379.338,
        "totalOperatingExpense": 3526.436,
        "totalOtherIncomeExpenseNet": -20.219,
        "year": 2024
      },
      {
        "costOfGoodsSold": 1030.843,
        "depreciationAmortization": 9.295,
        "dilutedAverageSharesOutstanding": 155.195,
        "dilutedEPS": 7.92,
        "ebit": 1326.33,
        "gainLossOnDispositionOfAssets": 20.196,
        "grossIncome": 4287.171,
        "interestExpense": 1.178,
        "interestIncomeExpense": 28.068,
        "minorityInterest": 11.763,
        "netIncome": 1229.888,
        "netIncomeAfterTaxes": 1191.482,
        "nonRecurringItems": -53.091,
        "otherOperatingExpensesTotal": 52.1,
        "period": "2023-10-31",
        "pretaxIncome": 1305.47,
        "provisionforIncomeTaxes": 113.988,
        "researchDevelopment": 1849.935,
        "revenue": 5318.014,
        "sgaExpense": 1049.511,
        "totalOperatingExpense": 2960.841,
        "totalOtherIncomeExpenseNet": -16.033,
        "year": 2023
      },
      {
        "costOfGoodsSold": 898.013,
        "depreciationAmortization": 11.637,
        "dilutedAverageSharesOutstanding": 156.485,
        "dilutedEPS": 6.29,
        "ebit": 1159.935,
        "gainLossOnDispositionOfAssets": -67.516,
        "grossIncome": 3717.701,
        "interestExpense": 1.698,
        "interestIncomeExpense": -4.31,
        "minorityInterest": 6.158,
        "netIncome": 984.594,
        "netIncomeAfterTaxes": 964.067,
        "nonRecurringItems": -11.221,
        "otherOperatingExpensesTotal": 49.9,
        "period": "2022-10-31",
        "pretaxIncome": 1103.452,
        "provisionforIncomeTaxes": 139.385,
        "researchDevelopment": 1589.846,
        "revenue": 4615.714,
        "sgaExpense": 906.383,
        "totalOperatingExpense": 2557.766,
        "totalOtherIncomeExpenseNet": 26.564,
        "year": 2022
      },
      {
        "costOfGoodsSold": 861.777,
        "depreciationAmortization": 33.919,
        "dilutedAverageSharesOutstanding": 157.34,
        "dilutedEPS": 4.81,
        "ebit": 768.195,
        "gainLossOnDispositionOfAssets": 71.603,
        "grossIncome": 3342.416,
        "interestExpense": 3.365,
        "interestIncomeExpense": 4.369,
        "minorityInterest": 1.157,
        "netIncome": 757.516,
        "netIncomeAfterTaxes": 756.359,
        "nonRecurringItems": -33.405,
        "otherOperatingExpensesTotal": 64.7,
        "period": "2021-10-31",
        "pretaxIncome": 805.514,
        "provisionforIncomeTaxes": 49.155,
        "researchDevelopment": 1504.823,
        "revenue": 4204.193,
        "sgaExpense": 970.779,
        "totalOperatingExpense": 2574.221,
        "totalOtherIncomeExpenseNet": -5.248,
        "year": 2021
      },
      {
        "costOfGoodsSold": 794.69,
        "depreciationAmortization": 38.829,
        "dilutedAverageSharesOutstanding": 155.706,
        "dilutedEPS": 4.27,
        "ebit": 632,
        "gainLossOnDispositionOfAssets": 21.469,
        "grossIncome": 2890.591,
        "interestExpense": 5.14,
        "interestIncomeExpense": 3.965,
        "minorityInterest": 0.9,
        "netIncome": 664.347,
        "netIncomeAfterTaxes": 663.447,
        "nonRecurringItems": -11.859,
        "period": "2020-10-31",
        "pretaxIncome": 638.159,
        "provisionforIncomeTaxes": -25.288,
        "researchDevelopment": 1279.022,
        "revenue": 3685.281,
        "sgaExpense": 940.74,
        "totalOperatingExpense": 2258.591,
        "totalOtherIncomeExpenseNet": -7.416,
        "year": 2020
      },
      {
        "costOfGoodsSold": 752.946,
        "depreciationAmortization": 41.291,
        "dilutedAverageSharesOutstanding": 154.19,
        "dilutedEPS": 3.45,
        "ebit": 549.117,
        "gainLossOnDispositionOfAssets": 27.759,
        "grossIncome": 2607.748,
        "interestExpense": 11.659,
        "interestIncomeExpense": 3.901,
        "netIncome": 532.367,
        "netIncomeAfterTaxes": 532.367,
        "nonRecurringItems": -28.886,
        "period": "2019-10-31",
        "pretaxIncome": 545.506,
        "provisionforIncomeTaxes": 13.139,
        "researchDevelopment": 1136.932,
        "revenue": 3360.694,
        "sgaExpense": 880.408,
        "totalOperatingExpense": 2058.631,
        "totalOtherIncomeExpenseNet": -6.385,
        "year": 2019
      },
      {
        "costOfGoodsSold": 735.898,
        "depreciationAmortization": 41.63,
        "dilutedAverageSharesOutstanding": 153.393,
        "dilutedEPS": 2.81,
        "ebit": 373.17,
        "gainLossOnDispositionOfAssets": 4.636,
        "grossIncome": 2385.16,
        "interestExpense": 15.607,
        "interestIncomeExpense": -2.899,
        "netIncome": 432.518,
        "netIncomeAfterTaxes": 546.518,
        "nonRecurringItems": -12.945,
        "period": "2018-10-31",
        "pretaxIncome": 363.543,
        "provisionforIncomeTaxes": -182.975,
        "researchDevelopment": 1084.822,
        "revenue": 3121.058,
        "sgaExpense": 885.538,
        "totalOperatingExpense": 2011.99,
        "totalOtherIncomeExpenseNet": 1.581,
        "year": 2018
      },
      {
        "costOfGoodsSold": 654.184,
        "depreciationAmortization": 31.614,
        "dilutedAverageSharesOutstanding": 154.874,
        "dilutedEPS": 0.88,
        "ebit": 384.149,
        "gainLossOnDispositionOfAssets": 29.606,
        "grossIncome": 2070.696,
        "interestExpense": 7.303,
        "interestIncomeExpense": 4.962,
        "netIncome": 136.563,
        "netIncomeAfterTaxes": 136.563,
        "nonRecurringItems": -36.586,
        "period": "2017-10-31",
        "pretaxIncome": 383.098,
        "provisionforIncomeTaxes": 246.535,
        "researchDevelopment": 908.841,
        "revenue": 2724.88,
        "sgaExpense": 746.092,
        "totalOperatingExpense": 1686.547,
        "totalOtherIncomeExpenseNet": 0.967,
        "year": 2017
      },
      {
        "costOfGoodsSold": 542.962,
        "depreciationAmortization": 27.507,
        "dilutedAverageSharesOutstanding": 154.721,
        "dilutedEPS": 1.72,
        "ebit": 327.028,
        "gainLossOnDispositionOfAssets": 4.4,
        "grossIncome": 1879.57,
        "interestExpense": 3.771,
        "interestIncomeExpense": 0.1,
        "netIncome": 266.826,
        "netIncomeAfterTaxes": 266.826,
        "nonRecurringItems": -9.633,
        "period": "2016-10-31",
        "pretaxIncome": 329.548,
        "provisionforIncomeTaxes": 62.722,
        "researchDevelopment": 856.705,
        "revenue": 2422.532,
        "sgaExpense": 668.33,
        "totalOperatingExpense": 1552.542,
        "totalOtherIncomeExpenseNet": 7.653,
        "year": 2016
      },
      {
        "costOfGoodsSold": 518.92,
        "depreciationAmortization": 26.004,
        "dilutedAverageSharesOutstanding": 158.065,
        "dilutedEPS": 1.43,
        "ebit": 281.554,
        "gainLossOnDispositionOfAssets": 3.701,
        "grossIncome": 1723.291,
        "interestExpense": 2.814,
        "interestIncomeExpense": 6.334,
        "netIncome": 225.934,
        "netIncomeAfterTaxes": 225.934,
        "nonRecurringItems": -15.088,
        "period": "2015-10-31",
        "pretaxIncome": 281.61,
        "provisionforIncomeTaxes": 55.676,
        "researchDevelopment": 776.229,
        "revenue": 2242.211,
        "sgaExpense": 639.504,
        "totalOperatingExpense": 1441.737,
        "totalOtherIncomeExpenseNet": 5.109,
        "year": 2015
      }
    ],
    "symbol": "SNPS"
  }
}