{
  "symbol": "GDDY",
  "statement": "ic",
  "frequency": "annual",
  "timestamp": "2025-09-19T14:01:13.799461",
  "data": {
    "financials": [
      {
        "costOfGoodsSold": 1652,
        "depreciationAmortization": 135.3,
        "dilutedAverageSharesOutstanding": 145.287,
        "dilutedEPS": 6.4486,
        "ebit": 932.1,
        "grossIncome": 2921.2,
        "interestExpense": 158.3,
        "interestIncomeExpense": -158.3,
        "minorityInterest": 0,
        "netIncome": 936.9,
        "netIncomeAfterTaxes": 936.9,
        "nonRecurringItems": -43.2,
        "period": "2024-12-31",
        "pretaxIncome": 765.4,
        "provisionforIncomeTaxes": -171.5,
        "researchDevelopment": 814.4,
        "revenue": 4573.2,
        "sgaExpense": 1039.4,
        "totalOperatingExpense": 1989.1,
        "totalOtherIncomeExpenseNet": 34.8,
        "year": 2024
      },
      {
        "costOfGoodsSold": 1573.6,
        "depreciationAmortization": 171.3,
        "dilutedAverageSharesOutstanding": 151.452,
        "dilutedEPS": 9.0775,
        "ebit": 638.2,
        "grossIncome": 2680.5,
        "interestExpense": 179,
        "interestIncomeExpense": -179,
        "minorityInterest": -0.8,
        "netIncome": 1374.8,
        "netIncomeAfterTaxes": 1375.6,
        "nonRecurringItems": -94.6,
        "period": "2023-12-31",
        "pretaxIncome": 403.8,
        "provisionforIncomeTaxes": -971.8,
        "researchDevelopment": 839.6,
        "revenue": 4254.1,
        "sgaExpense": 1031.4,
        "totalOperatingExpense": 2042.3,
        "totalOtherIncomeExpenseNet": 39.2,
        "year": 2023
      },
      {
        "costOfGoodsSold": 1484.5,
        "depreciationAmortization": 194.6,
        "dilutedAverageSharesOutstanding": 161.5,
        "dilutedEPS": 2.18,
        "ebit": 514.5,
        "grossIncome": 2606.8,
        "interestExpense": 146.3,
        "interestIncomeExpense": -146.3,
        "minorityInterest": -0.7,
        "netIncome": 352.2,
        "netIncomeAfterTaxes": 352.9,
        "nonRecurringItems": -19.3,
        "period": "2022-12-31",
        "pretaxIncome": 356.5,
        "provisionforIncomeTaxes": 3.6,
        "researchDevelopment": 794,
        "revenue": 4091.3,
        "sgaExpense": 1103.7,
        "totalOperatingExpense": 2092.3,
        "totalOtherIncomeExpenseNet": 7.6,
        "year": 2022
      },
      {
        "costOfGoodsSold": 1372.2,
        "depreciationAmortization": 199.6,
        "dilutedAverageSharesOutstanding": 171.1,
        "dilutedEPS": 1.42,
        "ebit": 381.8,
        "grossIncome": 2443.5,
        "interestExpense": 126,
        "interestIncomeExpense": -126,
        "minorityInterest": -0.5,
        "netIncome": 242.3,
        "netIncomeAfterTaxes": 242.8,
        "nonRecurringItems": 0.3,
        "period": "2021-12-31",
        "pretaxIncome": 253.6,
        "provisionforIncomeTaxes": 10.8,
        "researchDevelopment": 706.3,
        "revenue": 3815.7,
        "sgaExpense": 1155.8,
        "totalOperatingExpense": 2061.7,
        "totalOtherIncomeExpenseNet": -2.5,
        "year": 2021
      },
      {
        "costOfGoodsSold": 1158.6,
        "depreciationAmortization": 202.7,
        "dilutedAverageSharesOutstanding": 168.6,
        "dilutedEPS": -2.94,
        "ebit": 282.2,
        "grossIncome": 2158.1,
        "interestExpense": 91.3,
        "interestIncomeExpense": -103.6,
        "minorityInterest": -1,
        "netIncome": -495.1,
        "netIncomeAfterTaxes": -494.1,
        "nonRecurringItems": -10,
        "period": "2020-12-31",
        "pretaxIncome": -495.4,
        "provisionforIncomeTaxes": -1.3,
        "researchDevelopment": 560.4,
        "revenue": 3316.7,
        "sgaExpense": 1112.8,
        "totalOperatingExpense": 1875.9,
        "totalOtherIncomeExpenseNet": -664,
        "year": 2020
      },
      {
        "costOfGoodsSold": 1026.8,
        "depreciationAmortization": 209.7,
        "dilutedAverageSharesOutstanding": 181.7,
        "dilutedEPS": 0.75,
        "ebit": 220.7,
        "grossIncome": 1961.3,
        "interestExpense": 92.1,
        "interestIncomeExpense": -99.2,
        "minorityInterest": -1.4,
        "netIncome": 137,
        "netIncomeAfterTaxes": 138.4,
        "nonRecurringItems": -32.9,
        "period": "2019-12-31",
        "pretaxIncome": 126.4,
        "provisionforIncomeTaxes": -12,
        "researchDevelopment": 492.6,
        "revenue": 2988.1,
        "sgaExpense": 1038.3,
        "totalOperatingExpense": 1740.6,
        "totalOtherIncomeExpenseNet": 37.8,
        "year": 2019
      },
      {
        "costOfGoodsSold": 893.9,
        "depreciationAmortization": 234.1,
        "dilutedAverageSharesOutstanding": 181.4,
        "dilutedEPS": 0.43,
        "ebit": 149.6,
        "grossIncome": 1766.2,
        "interestExpense": 98.4,
        "interestIncomeExpense": -108.8,
        "minorityInterest": -4.9,
        "netIncome": 77.1,
        "netIncomeAfterTaxes": 82,
        "nonRecurringItems": 0,
        "period": "2018-12-31",
        "pretaxIncome": 73,
        "provisionforIncomeTaxes": -9,
        "researchDevelopment": 434,
        "revenue": 2660.1,
        "sgaExpense": 948.5,
        "totalOperatingExpense": 1616.6,
        "totalOtherIncomeExpenseNet": 32.2,
        "year": 2018
      },
      {
        "costOfGoodsSold": 775.5,
        "depreciationAmortization": 205.8,
        "dilutedAverageSharesOutstanding": 177.1,
        "dilutedEPS": 0.77,
        "ebit": 66.9,
        "grossIncome": 1456.4,
        "interestExpense": 83,
        "interestIncomeExpense": -84.5,
        "minorityInterest": -3.4,
        "netIncome": 136.4,
        "netIncomeAfterTaxes": 117.8,
        "nonRecurringItems": -7.3,
        "period": "2017-12-31",
        "pretaxIncome": 106.8,
        "provisionforIncomeTaxes": -11,
        "researchDevelopment": 355.8,
        "revenue": 2231.9,
        "sgaExpense": 827.9,
        "totalOperatingExpense": 1389.5,
        "totalOtherIncomeExpenseNet": 131.7,
        "year": 2017
      },
      {
        "costOfGoodsSold": 657.8,
        "depreciationAmortization": 160.1,
        "dilutedAverageSharesOutstanding": 79.8,
        "dilutedEPS": -0.21,
        "ebit": 50.1,
        "grossIncome": 1190.1,
        "interestExpense": 57.2,
        "interestIncomeExpense": -57.2,
        "minorityInterest": 5.4,
        "netIncome": -16.5,
        "netIncomeAfterTaxes": -21.9,
        "nonRecurringItems": 0,
        "period": "2016-12-31",
        "pretaxIncome": -21.5,
        "provisionforIncomeTaxes": 0.4,
        "researchDevelopment": 287.8,
        "revenue": 1847.9,
        "sgaExpense": 692.1,
        "totalOperatingExpense": 1140,
        "totalOtherIncomeExpenseNet": -14.4,
        "year": 2016
      },
      {
        "costOfGoodsSold": 565.9,
        "depreciationAmortization": 158.8,
        "dilutedAverageSharesOutstanding": 58.7,
        "dilutedEPS": -1.29,
        "ebit": -31,
        "grossIncome": 1041.4,
        "interestExpense": 69.2,
        "interestIncomeExpense": -69.2,
        "minorityInterest": 44.8,
        "netIncome": -75.6,
        "netIncomeAfterTaxes": -120.4,
        "nonRecurringItems": -21.4,
        "period": "2015-12-31",
        "pretaxIncome": -120.6,
        "provisionforIncomeTaxes": -0.2,
        "researchDevelopment": 270.2,
        "revenue": 1607.3,
        "sgaExpense": 643.4,
        "totalOperatingExpense": 1072.4,
        "totalOtherIncomeExpenseNet": 1,
        "year": 2015
      }
    ],
    "symbol": "GDDY"
  }
}