{
  "symbol": "O",
  "statement": "ic",
  "frequency": "annual",
  "timestamp": "2025-09-19T14:06:05.909219",
  "data": {
    "financials": [
      {
        "costOfGoodsSold": 377.675,
        "depreciationAmortization": 2395.644,
        "dilutedAverageSharesOutstanding": 863.792,
        "dilutedEPS": 0.9816,
        "ebit": 2324.207,
        "gainLossOnDispositionOfAssets": 117.275,
        "grossIncome": 4893.467,
        "interestExpense": 1022.013,
        "interestIncomeExpense": -1003.62,
        "minorityInterest": -6.569,
        "netIncome": 847.893,
        "netIncomeAfterTaxes": 867.341,
        "nonRecurringItems": -522.125,
        "otherOperatingExpensesTotal": -3.279,
        "period": "2024-12-31",
        "pretaxIncome": 933.942,
        "provisionforIncomeTaxes": 66.601,
        "revenue": 5271.142,
        "sgaExpense": 176.895,
        "totalOperatingExpense": 2569.26,
        "totalOtherIncomeExpenseNet": 18.205,
        "year": 2024
      },
      {
        "costOfGoodsSold": 316.964,
        "depreciationAmortization": 1895.177,
        "dilutedAverageSharesOutstanding": 693.024,
        "dilutedEPS": 1.26,
        "ebit": 1795.776,
        "gainLossOnDispositionOfAssets": 25.667,
        "grossIncome": 3762.029,
        "interestExpense": 805.715,
        "interestIncomeExpense": -809.394,
        "minorityInterest": -4.605,
        "netIncome": 872.309,
        "netIncomeAfterTaxes": 876.914,
        "nonRecurringItems": -101.546,
        "otherOperatingExpensesTotal": -73.46,
        "period": "2023-12-31",
        "pretaxIncome": 928.935,
        "provisionforIncomeTaxes": 52.021,
        "revenue": 4078.993,
        "sgaExpense": 144.536,
        "totalOperatingExpense": 1966.253,
        "totalOtherIncomeExpenseNet": 18.432,
        "year": 2023
      },
      {
        "costOfGoodsSold": 226.33,
        "depreciationAmortization": 1670.389,
        "dilutedAverageSharesOutstanding": 612.181,
        "dilutedEPS": 1.42,
        "ebit": 1385.114,
        "gainLossOnDispositionOfAssets": 102.957,
        "grossIncome": 3117.351,
        "interestExpense": 536.208,
        "interestIncomeExpense": -556.685,
        "minorityInterest": -3.008,
        "netIncome": 869.408,
        "netIncomeAfterTaxes": 872.416,
        "nonRecurringItems": -39.39,
        "otherOperatingExpensesTotal": -76.611,
        "period": "2022-12-31",
        "pretaxIncome": 917.599,
        "provisionforIncomeTaxes": 45.183,
        "revenue": 3343.681,
        "sgaExpense": 138.459,
        "totalOperatingExpense": 1732.237,
        "totalOtherIncomeExpenseNet": 25.603,
        "year": 2022
      },
      {
        "costOfGoodsSold": 133.605,
        "depreciationAmortization": 897.835,
        "dilutedAverageSharesOutstanding": 414.77,
        "dilutedEPS": 0.87,
        "ebit": 965.89,
        "gainLossOnDispositionOfAssets": 55.798,
        "grossIncome": 1946.858,
        "interestExpense": 330.785,
        "interestIncomeExpense": -331.874,
        "minorityInterest": -1.291,
        "netIncome": 359.456,
        "netIncomeAfterTaxes": 360.747,
        "nonRecurringItems": -303.558,
        "otherOperatingExpensesTotal": -13.847,
        "period": "2021-12-31",
        "pretaxIncome": 392.404,
        "provisionforIncomeTaxes": 31.657,
        "revenue": 2080.463,
        "sgaExpense": 96.98,
        "totalOperatingExpense": 980.968,
        "totalOtherIncomeExpenseNet": 6.148,
        "year": 2021
      },
      {
        "costOfGoodsSold": 104.603,
        "depreciationAmortization": 677.038,
        "dilutedAverageSharesOutstanding": 345.415,
        "dilutedEPS": 1.14,
        "ebit": 798.706,
        "gainLossOnDispositionOfAssets": 76.232,
        "grossIncome": 1542.484,
        "interestExpense": 304.404,
        "interestIncomeExpense": -303.951,
        "minorityInterest": -1.02,
        "netIncome": 395.486,
        "netIncomeAfterTaxes": 396.506,
        "nonRecurringItems": -160.514,
        "otherOperatingExpensesTotal": -3.012,
        "period": "2020-12-31",
        "pretaxIncome": 411.199,
        "provisionforIncomeTaxes": 14.693,
        "revenue": 1647.087,
        "sgaExpense": 69.752,
        "totalOperatingExpense": 743.778,
        "totalOtherIncomeExpenseNet": 0.726,
        "year": 2020
      },
      {
        "costOfGoodsSold": 88.585,
        "depreciationAmortization": 593.961,
        "dilutedAverageSharesOutstanding": 316.159,
        "dilutedEPS": 1.38,
        "ebit": 741.544,
        "gainLossOnDispositionOfAssets": 29.996,
        "grossIncome": 1399.578,
        "interestExpense": 286.846,
        "interestIncomeExpense": -287.343,
        "minorityInterest": -0.996,
        "netIncome": 436.482,
        "netIncomeAfterTaxes": 437.478,
        "nonRecurringItems": -40.186,
        "otherOperatingExpensesTotal": -2.41,
        "period": "2019-12-31",
        "pretaxIncome": 443.636,
        "provisionforIncomeTaxes": 6.158,
        "revenue": 1488.163,
        "sgaExpense": 66.483,
        "totalOperatingExpense": 658.034,
        "totalOtherIncomeExpenseNet": -0.375,
        "year": 2019
      },
      {
        "costOfGoodsSold": 66.326,
        "depreciationAmortization": 539.78,
        "dilutedAverageSharesOutstanding": 289.924,
        "dilutedEPS": 1.25,
        "ebit": 640.36,
        "gainLossOnDispositionOfAssets": 24.643,
        "grossIncome": 1261.512,
        "interestExpense": 268.755,
        "interestIncomeExpense": -266.022,
        "minorityInterest": -0.984,
        "netIncome": 363.614,
        "netIncomeAfterTaxes": 364.598,
        "nonRecurringItems": -26.269,
        "otherOperatingExpensesTotal": -2.776,
        "period": "2018-12-31",
        "pretaxIncome": 369.938,
        "provisionforIncomeTaxes": 5.34,
        "revenue": 1327.838,
        "sgaExpense": 84.148,
        "totalOperatingExpense": 621.152,
        "totalOtherIncomeExpenseNet": -2.774,
        "year": 2018
      },
      {
        "costOfGoodsSold": 69.48,
        "depreciationAmortization": 498.788,
        "dilutedAverageSharesOutstanding": 273.937,
        "dilutedEPS": 1.1,
        "ebit": 587.518,
        "gainLossOnDispositionOfAssets": 40.898,
        "grossIncome": 1146.288,
        "interestExpense": 245.873,
        "interestIncomeExpense": -242.623,
        "minorityInterest": -0.52,
        "netIncome": 301.514,
        "netIncomeAfterTaxes": 319.318,
        "nonRecurringItems": -57.432,
        "otherOperatingExpensesTotal": 1.791,
        "period": "2017-12-31",
        "pretaxIncome": 325.362,
        "provisionforIncomeTaxes": 6.044,
        "revenue": 1215.768,
        "sgaExpense": 58.191,
        "totalOperatingExpense": 558.77,
        "totalOtherIncomeExpenseNet": -2.999,
        "year": 2017
      },
      {
        "costOfGoodsSold": 62.865,
        "depreciationAmortization": 449.943,
        "dilutedAverageSharesOutstanding": 255.624,
        "dilutedEPS": 1.13,
        "ebit": 542.158,
        "gainLossOnDispositionOfAssets": 21.979,
        "grossIncome": 1040.307,
        "interestExpense": 221.977,
        "interestIncomeExpense": -220.338,
        "minorityInterest": -0.906,
        "netIncome": 288.491,
        "netIncomeAfterTaxes": 316.477,
        "nonRecurringItems": -21.01,
        "otherOperatingExpensesTotal": -3.414,
        "period": "2016-12-31",
        "pretaxIncome": 319.739,
        "provisionforIncomeTaxes": 3.262,
        "revenue": 1103.172,
        "sgaExpense": 51.62,
        "totalOperatingExpense": 498.149,
        "totalOtherIncomeExpenseNet": -3.05,
        "year": 2016
      },
      {
        "costOfGoodsSold": 55.352,
        "depreciationAmortization": 409.215,
        "dilutedAverageSharesOutstanding": 236.208,
        "dilutedEPS": 1.09,
        "ebit": 517.815,
        "gainLossOnDispositionOfAssets": 22.243,
        "grossIncome": 967.933,
        "interestExpense": 234.664,
        "interestIncomeExpense": -237.707,
        "minorityInterest": -1.089,
        "netIncome": 256.686,
        "netIncomeAfterTaxes": 284.855,
        "nonRecurringItems": -11.473,
        "otherOperatingExpensesTotal": -7.482,
        "period": "2015-12-31",
        "pretaxIncome": 288.024,
        "provisionforIncomeTaxes": 3.169,
        "revenue": 1023.285,
        "sgaExpense": 48.385,
        "totalOperatingExpense": 450.118,
        "totalOtherIncomeExpenseNet": -2.854,
        "year": 2015
      }
    ],
    "symbol": "O"
  }
}