{
  "symbol": "CTVA",
  "statement": "ic",
  "frequency": "annual",
  "timestamp": "2025-09-19T13:58:35.023687",
  "data": {
    "financials": [
      {
        "costOfGoodsSold": 9529,
        "depreciationAmortization": 685,
        "dilutedAverageSharesOutstanding": 696,
        "dilutedEPS": 1.3,
        "ebit": 2096,
        "grossIncome": 7379,
        "interestExpense": 233,
        "interestIncomeExpense": -370,
        "minorityInterest": -12,
        "netIncome": 907,
        "netIncomeAfterTaxes": 863,
        "nonRecurringItems": -372,
        "period": "2024-12-31",
        "pretaxIncome": 1275,
        "provisionforIncomeTaxes": 412,
        "researchDevelopment": 1402,
        "revenue": 16908,
        "sgaExpense": 3196,
        "totalOperatingExpense": 5283,
        "totalOtherIncomeExpenseNet": -79,
        "year": 2024
      },
      {
        "costOfGoodsSold": 9920,
        "depreciationAmortization": 683,
        "dilutedAverageSharesOutstanding": 711.9,
        "dilutedEPS": 1.03,
        "ebit": 2110,
        "grossIncome": 7306,
        "interestExpense": 233,
        "interestIncomeExpense": -337,
        "minorityInterest": -12,
        "netIncome": 735,
        "netIncomeAfterTaxes": 941,
        "nonRecurringItems": -515,
        "period": "2023-12-31",
        "pretaxIncome": 1093,
        "provisionforIncomeTaxes": 152,
        "researchDevelopment": 1337,
        "revenue": 17226,
        "sgaExpense": 3176,
        "totalOperatingExpense": 5196,
        "totalOtherIncomeExpenseNet": -165,
        "year": 2023
      },
      {
        "costOfGoodsSold": 10436,
        "depreciationAmortization": 702,
        "dilutedAverageSharesOutstanding": 725,
        "dilutedEPS": 1.58,
        "ebit": 1928,
        "grossIncome": 7019,
        "interestExpense": 79,
        "interestIncomeExpense": -164,
        "minorityInterest": -11,
        "netIncome": 1147,
        "netIncomeAfterTaxes": 1216,
        "nonRecurringItems": -345,
        "period": "2022-12-31",
        "pretaxIncome": 1426,
        "provisionforIncomeTaxes": 210,
        "researchDevelopment": 1216,
        "revenue": 17455,
        "sgaExpense": 3173,
        "totalOperatingExpense": 5091,
        "totalOtherIncomeExpenseNet": 7,
        "year": 2022
      },
      {
        "costOfGoodsSold": 9220,
        "depreciationAmortization": 722,
        "dilutedAverageSharesOutstanding": 742,
        "dilutedEPS": 2.37,
        "ebit": 1317,
        "grossIncome": 6435,
        "interestExpense": 30,
        "interestIncomeExpense": 7,
        "minorityInterest": -10,
        "netIncome": 1759,
        "netIncomeAfterTaxes": 1822,
        "nonRecurringItems": -268,
        "period": "2021-12-31",
        "pretaxIncome": 2346,
        "provisionforIncomeTaxes": 524,
        "researchDevelopment": 1187,
        "revenue": 15655,
        "sgaExpense": 3209,
        "totalOperatingExpense": 5118,
        "totalOtherIncomeExpenseNet": 1290,
        "year": 2021
      },
      {
        "costOfGoodsSold": 8507,
        "depreciationAmortization": 682,
        "dilutedAverageSharesOutstanding": 751,
        "dilutedEPS": 0.9,
        "ebit": 843,
        "grossIncome": 5710,
        "interestExpense": 45,
        "interestIncomeExpense": -163,
        "minorityInterest": -20,
        "netIncome": 681,
        "netIncomeAfterTaxes": 756,
        "nonRecurringItems": -337,
        "period": "2020-12-31",
        "pretaxIncome": 675,
        "provisionforIncomeTaxes": -81,
        "researchDevelopment": 1142,
        "revenue": 14217,
        "sgaExpense": 3043,
        "totalOperatingExpense": 4867,
        "totalOtherIncomeExpenseNet": 332,
        "year": 2020
      },
      {
        "costOfGoodsSold": 8575,
        "depreciationAmortization": 475,
        "dilutedAverageSharesOutstanding": 750,
        "dilutedEPS": -1.27,
        "ebit": 584,
        "grossIncome": 5271,
        "interestExpense": 136,
        "interestIncomeExpense": -185,
        "minorityInterest": -18,
        "netIncome": -959,
        "netIncomeAfterTaxes": -270,
        "nonRecurringItems": -915,
        "period": "2019-12-31",
        "pretaxIncome": -316,
        "provisionforIncomeTaxes": -46,
        "researchDevelopment": 1147,
        "revenue": 13846,
        "sgaExpense": 3065,
        "totalOperatingExpense": 4687,
        "totalOtherIncomeExpenseNet": 200,
        "year": 2019
      },
      {
        "costOfGoodsSold": 9948,
        "depreciationAmortization": 391,
        "dilutedAverageSharesOutstanding": 749,
        "dilutedEPS": -6.76,
        "ebit": -448,
        "grossIncome": 4339,
        "interestExpense": 337,
        "interestIncomeExpense": -379,
        "minorityInterest": -38,
        "netIncome": -5065,
        "netIncomeAfterTaxes": -6775,
        "nonRecurringItems": -6208,
        "period": "2018-12-31",
        "pretaxIncome": -6806,
        "provisionforIncomeTaxes": -31,
        "researchDevelopment": 1355,
        "revenue": 14287,
        "sgaExpense": 3041,
        "totalOperatingExpense": 4787,
        "totalOtherIncomeExpenseNet": 229,
        "year": 2018
      },
      {
        "costOfGoodsSold": 8292,
        "depreciationAmortization": 270,
        "dilutedAverageSharesOutstanding": 749,
        "dilutedEPS": 3.37,
        "ebit": 1076,
        "grossIncome": 5799,
        "interestExpense": 74,
        "interestIncomeExpense": -74,
        "minorityInterest": -35,
        "netIncome": 2526,
        "netIncomeAfterTaxes": 2561,
        "nonRecurringItems": -488,
        "period": "2017-12-31",
        "pretaxIncome": -385,
        "provisionforIncomeTaxes": -2946,
        "researchDevelopment": 1509,
        "revenue": 14091,
        "sgaExpense": 2944,
        "totalOperatingExpense": 4723,
        "totalOtherIncomeExpenseNet": -899,
        "year": 2017
      },
      {
        "costOfGoodsSold": 8283,
        "depreciationAmortization": 247,
        "dilutedAverageSharesOutstanding": 749,
        "dilutedEPS": 0.66,
        "ebit": 949,
        "grossIncome": 5613,
        "interestExpense": 101,
        "interestIncomeExpense": -101,
        "minorityInterest": -25,
        "netIncome": 496,
        "netIncomeAfterTaxes": 521,
        "nonRecurringItems": -527,
        "period": "2016-12-31",
        "pretaxIncome": 248,
        "provisionforIncomeTaxes": -273,
        "researchDevelopment": 1507,
        "revenue": 13896,
        "sgaExpense": 2910,
        "totalOperatingExpense": 4664,
        "totalOtherIncomeExpenseNet": -73,
        "year": 2016
      }
    ],
    "symbol": "CTVA"
  }
}