{
  "symbol": "D",
  "statement": "ic",
  "frequency": "annual",
  "timestamp": "2025-09-19T13:59:15.696286",
  "data": {
    "financials": [
      {
        "costOfGoodsSold": 74,
        "depreciationAmortization": 2345,
        "dilutedAverageSharesOutstanding": 839.4,
        "dilutedEPS": 2.43,
        "ebit": 3846,
        "grossIncome": 14385,
        "interestExpense": 1887,
        "interestIncomeExpense": -880,
        "minorityInterest": 53,
        "netIncome": 2046,
        "netIncomeAfterTaxes": 1874,
        "nonRecurringItems": -599,
        "operationsMaintenance": 3589,
        "otherOperatingExpensesTotal": 731,
        "otherRevenue": 816,
        "period": "2024-12-31",
        "pretaxIncome": 2182,
        "provisionforIncomeTaxes": 308,
        "purchasedFuelPowerGas": 3874,
        "revenue": 14459,
        "totalOperatingExpense": 10539,
        "totalOtherIncomeExpenseNet": -185,
        "year": 2024
      },
      {
        "costOfGoodsSold": 55,
        "depreciationAmortization": 2580,
        "dilutedAverageSharesOutstanding": 836.5,
        "dilutedEPS": 2.33,
        "ebit": 3694,
        "grossIncome": 14338,
        "interestExpense": 1674,
        "interestIncomeExpense": -896,
        "minorityInterest": 0,
        "netIncome": 1950,
        "netIncomeAfterTaxes": 2156,
        "nonRecurringItems": -280,
        "operationsMaintenance": 3160,
        "otherOperatingExpensesTotal": 684,
        "otherRevenue": 1304,
        "period": "2023-12-31",
        "pretaxIncome": 2724,
        "provisionforIncomeTaxes": 568,
        "purchasedFuelPowerGas": 4220,
        "revenue": 14393,
        "totalOperatingExpense": 10644,
        "totalOtherIncomeExpenseNet": 206,
        "year": 2023
      },
      {
        "costOfGoodsSold": 59,
        "depreciationAmortization": 2442,
        "dilutedAverageSharesOutstanding": 824.8,
        "dilutedEPS": 1.61,
        "ebit": 3260,
        "grossIncome": 13879,
        "interestExpense": 1002,
        "interestIncomeExpense": -1863,
        "minorityInterest": 0,
        "netIncome": 1332,
        "netIncomeAfterTaxes": 503,
        "nonRecurringItems": -1813,
        "operationsMaintenance": 3365,
        "otherOperatingExpensesTotal": 675,
        "otherRevenue": -147,
        "period": "2022-12-31",
        "pretaxIncome": 562,
        "provisionforIncomeTaxes": 59,
        "purchasedFuelPowerGas": 4137,
        "revenue": 13938,
        "totalOperatingExpense": 10619,
        "totalOtherIncomeExpenseNet": 978,
        "year": 2022
      },
      {
        "costOfGoodsSold": 70,
        "depreciationAmortization": 2117,
        "dilutedAverageSharesOutstanding": 808.5,
        "dilutedEPS": 4.11,
        "ebit": 2605,
        "grossIncome": 11349,
        "interestExpense": 1255,
        "interestIncomeExpense": -544,
        "minorityInterest": -20,
        "netIncome": 3331,
        "netIncomeAfterTaxes": 2061,
        "nonRecurringItems": -609,
        "operationsMaintenance": 3177,
        "otherOperatingExpensesTotal": 690,
        "otherRevenue": 242,
        "period": "2021-12-31",
        "pretaxIncome": 1880,
        "provisionforIncomeTaxes": -181,
        "purchasedFuelPowerGas": 2760,
        "revenue": 11419,
        "totalOperatingExpense": 8744,
        "totalOtherIncomeExpenseNet": 428,
        "year": 2021
      },
      {
        "costOfGoodsSold": 53,
        "depreciationAmortization": 2332,
        "dilutedAverageSharesOutstanding": 831,
        "dilutedEPS": -0.56,
        "ebit": 4196,
        "grossIncome": 14119,
        "interestExpense": 1377,
        "interestIncomeExpense": -3677,
        "minorityInterest": 149,
        "netIncome": -466,
        "netIncomeAfterTaxes": 1328,
        "nonRecurringItems": -2141,
        "operationsMaintenance": 3588,
        "otherOperatingExpensesTotal": 871,
        "otherRevenue": 905,
        "period": "2020-12-31",
        "pretaxIncome": 1411,
        "provisionforIncomeTaxes": 83,
        "purchasedFuelPowerGas": 3132,
        "revenue": 14172,
        "totalOperatingExpense": 9923,
        "totalOtherIncomeExpenseNet": 3033,
        "year": 2020
      },
      {
        "costOfGoodsSold": 88,
        "depreciationAmortization": 2283,
        "dilutedAverageSharesOutstanding": 808.9,
        "dilutedEPS": 1.65,
        "ebit": 3549,
        "grossIncome": 14313,
        "interestExpense": 1477,
        "interestIncomeExpense": -1477,
        "minorityInterest": -18,
        "netIncome": 1341,
        "netIncomeAfterTaxes": 660,
        "nonRecurringItems": -2014,
        "operationsMaintenance": 3153,
        "otherOperatingExpensesTotal": 883,
        "otherRevenue": 1053,
        "period": "2019-12-31",
        "pretaxIncome": 869,
        "provisionforIncomeTaxes": 209,
        "purchasedFuelPowerGas": 4445,
        "revenue": 14401,
        "totalOperatingExpense": 10764,
        "totalOtherIncomeExpenseNet": 811,
        "year": 2019
      },
      {
        "costOfGoodsSold": 122,
        "depreciationAmortization": 1660,
        "dilutedAverageSharesOutstanding": 654.9,
        "dilutedEPS": 3.73,
        "ebit": 2787,
        "grossIncome": 11077,
        "interestExpense": 1279,
        "interestIncomeExpense": -1279,
        "minorityInterest": -102,
        "netIncome": 2447,
        "netIncomeAfterTaxes": 2143,
        "nonRecurringItems": 226,
        "operationsMaintenance": 2759,
        "otherOperatingExpensesTotal": 580,
        "otherRevenue": 608,
        "period": "2018-12-31",
        "pretaxIncome": 2619,
        "provisionforIncomeTaxes": 476,
        "purchasedFuelPowerGas": 3291,
        "revenue": 11199,
        "totalOperatingExpense": 8290,
        "totalOtherIncomeExpenseNet": 885,
        "year": 2018
      },
      {
        "costOfGoodsSold": 6,
        "depreciationAmortization": 1905,
        "dilutedAverageSharesOutstanding": 636,
        "dilutedEPS": 4.71,
        "ebit": 3868,
        "grossIncome": 12580,
        "interestExpense": 1205,
        "interestIncomeExpense": -1254,
        "minorityInterest": -121,
        "netIncome": 2999,
        "netIncomeAfterTaxes": 2269,
        "nonRecurringItems": 132,
        "operationsMaintenance": 3199,
        "otherOperatingExpensesTotal": 668,
        "otherRevenue": 464,
        "period": "2017-12-31",
        "pretaxIncome": 3090,
        "provisionforIncomeTaxes": 821,
        "purchasedFuelPowerGas": 2940,
        "revenue": 12586,
        "totalOperatingExpense": 8712,
        "totalOtherIncomeExpenseNet": 344,
        "year": 2017
      },
      {
        "costOfGoodsSold": 99,
        "depreciationAmortization": 1559,
        "dilutedAverageSharesOutstanding": 617.1,
        "dilutedEPS": 3.46,
        "ebit": 3477,
        "grossIncome": 11638,
        "interestExpense": 1010,
        "interestIncomeExpense": -964,
        "minorityInterest": -89,
        "netIncome": 2123,
        "netIncomeAfterTaxes": 2212,
        "nonRecurringItems": 36,
        "operationsMaintenance": 3280,
        "otherOperatingExpensesTotal": 596,
        "otherRevenue": 380,
        "period": "2016-12-31",
        "pretaxIncome": 2867,
        "provisionforIncomeTaxes": 655,
        "purchasedFuelPowerGas": 2726,
        "revenue": 11737,
        "totalOperatingExpense": 8161,
        "totalOtherIncomeExpenseNet": 318,
        "year": 2016
      },
      {
        "costOfGoodsSold": 330,
        "depreciationAmortization": 1395,
        "dilutedAverageSharesOutstanding": 593.7,
        "dilutedEPS": 3.2,
        "ebit": 3564,
        "grossIncome": 11353,
        "interestExpense": 904,
        "interestIncomeExpense": -932,
        "minorityInterest": -24,
        "netIncome": 1899,
        "netIncomeAfterTaxes": 1923,
        "operationsMaintenance": 2595,
        "otherOperatingExpensesTotal": 551,
        "otherRevenue": 408,
        "period": "2015-12-31",
        "pretaxIncome": 2828,
        "provisionforIncomeTaxes": 905,
        "purchasedFuelPowerGas": 3248,
        "revenue": 11683,
        "totalOperatingExpense": 7789,
        "totalOtherIncomeExpenseNet": 196,
        "year": 2015
      }
    ],
    "symbol": "D"
  }
}