{
  "symbol": "APTV",
  "statement": "ic",
  "frequency": "annual",
  "timestamp": "2025-09-19T13:56:12.322156",
  "data": {
    "financials": [
      {
        "costOfGoodsSold": 15980,
        "depreciationAmortization": 211,
        "dilutedAverageSharesOutstanding": 256.66,
        "dilutedEPS": 6.9625,
        "ebit": 2057,
        "equityEarningsAffiliates": -118,
        "grossIncome": 3733,
        "interestExpense": 337,
        "interestIncomeExpense": 352,
        "minorityInterest": -23,
        "netIncome": 1787,
        "netIncomeAfterTaxes": 1928,
        "nonRecurringItems": -230,
        "period": "2024-12-31",
        "pretaxIncome": 2151,
        "provisionforIncomeTaxes": 223,
        "revenue": 19713,
        "sgaExpense": 1465,
        "totalOperatingExpense": 1676,
        "totalOtherIncomeExpenseNet": -28,
        "year": 2024
      },
      {
        "costOfGoodsSold": 16594,
        "depreciationAmortization": 233,
        "dilutedAverageSharesOutstanding": 282.88,
        "dilutedEPS": 10.2835,
        "ebit": 1788,
        "equityEarningsAffiliates": -299,
        "grossIncome": 3457,
        "interestExpense": 285,
        "interestIncomeExpense": -180,
        "minorityInterest": -28,
        "netIncome": 2909,
        "netIncomeAfterTaxes": 3265,
        "nonRecurringItems": -252,
        "period": "2023-12-31",
        "pretaxIncome": 1337,
        "provisionforIncomeTaxes": -1928,
        "revenue": 20051,
        "sgaExpense": 1436,
        "totalOperatingExpense": 1669,
        "totalOtherIncomeExpenseNet": -19,
        "year": 2023
      },
      {
        "costOfGoodsSold": 14846,
        "depreciationAmortization": 149,
        "dilutedAverageSharesOutstanding": 271,
        "dilutedEPS": 1.96,
        "ebit": 1356,
        "equityEarningsAffiliates": -279,
        "grossIncome": 2643,
        "interestExpense": 219,
        "interestIncomeExpense": -185,
        "minorityInterest": 4,
        "netIncome": 531,
        "netIncomeAfterTaxes": 869,
        "nonRecurringItems": -154,
        "period": "2022-12-31",
        "pretaxIncome": 990,
        "provisionforIncomeTaxes": 121,
        "revenue": 17489,
        "sgaExpense": 1138,
        "totalOperatingExpense": 1287,
        "totalOtherIncomeExpenseNet": -27,
        "year": 2022
      },
      {
        "costOfGoodsSold": 13180,
        "depreciationAmortization": 148,
        "dilutedAverageSharesOutstanding": 271,
        "dilutedEPS": 1.94,
        "ebit": 1215,
        "equityEarningsAffiliates": -200,
        "grossIncome": 2438,
        "interestExpense": 150,
        "interestIncomeExpense": -132,
        "minorityInterest": -19,
        "netIncome": 527,
        "netIncomeAfterTaxes": 809,
        "nonRecurringItems": -174,
        "period": "2021-12-31",
        "pretaxIncome": 910,
        "provisionforIncomeTaxes": 101,
        "revenue": 15618,
        "sgaExpense": 1075,
        "totalOperatingExpense": 1223,
        "totalOtherIncomeExpenseNet": 1,
        "year": 2021
      },
      {
        "costOfGoodsSold": 11116,
        "depreciationAmortization": 144,
        "dilutedAverageSharesOutstanding": 271,
        "dilutedEPS": 6.53,
        "ebit": 830,
        "equityEarningsAffiliates": -83,
        "grossIncome": 1950,
        "interestExpense": 164,
        "interestIncomeExpense": -146,
        "minorityInterest": -18,
        "netIncome": 1769,
        "netIncomeAfterTaxes": 1905,
        "nonRecurringItems": 1284,
        "period": "2020-12-31",
        "pretaxIncome": 1954,
        "provisionforIncomeTaxes": 49,
        "revenue": 13066,
        "sgaExpense": 976,
        "totalOperatingExpense": 1120,
        "totalOtherIncomeExpenseNet": -14,
        "year": 2020
      },
      {
        "costOfGoodsSold": 11708,
        "depreciationAmortization": 138,
        "dilutedAverageSharesOutstanding": 257,
        "dilutedEPS": 3.85,
        "ebit": 1435,
        "equityEarningsAffiliates": 15,
        "grossIncome": 2649,
        "interestExpense": 164,
        "interestIncomeExpense": -132,
        "minorityInterest": -19,
        "netIncome": 990,
        "netIncomeAfterTaxes": 994,
        "nonRecurringItems": -170,
        "period": "2019-12-31",
        "pretaxIncome": 1126,
        "provisionforIncomeTaxes": 132,
        "revenue": 14357,
        "sgaExpense": 1076,
        "totalOperatingExpense": 1214,
        "totalOtherIncomeExpenseNet": -7,
        "year": 2019
      },
      {
        "costOfGoodsSold": 11702,
        "depreciationAmortization": 124,
        "dilutedAverageSharesOutstanding": 265,
        "dilutedEPS": 4.02,
        "ebit": 1616,
        "equityEarningsAffiliates": 23,
        "grossIncome": 2733,
        "interestExpense": 141,
        "interestIncomeExpense": -142,
        "minorityInterest": -40,
        "netIncome": 1067,
        "netIncomeAfterTaxes": 1114,
        "nonRecurringItems": -157,
        "period": "2018-12-31",
        "pretaxIncome": 1334,
        "provisionforIncomeTaxes": 220,
        "revenue": 14435,
        "sgaExpense": 993,
        "totalOperatingExpense": 1117,
        "totalOtherIncomeExpenseNet": 17,
        "year": 2018
      },
      {
        "costOfGoodsSold": 10270,
        "depreciationAmortization": 117,
        "dilutedAverageSharesOutstanding": 268,
        "dilutedEPS": 5.05,
        "ebit": 1545,
        "equityEarningsAffiliates": 31,
        "grossIncome": 2614,
        "interestExpense": 140,
        "interestIncomeExpense": -119,
        "minorityInterest": -42,
        "netIncome": 1355,
        "netIncomeAfterTaxes": 1082,
        "nonRecurringItems": -147,
        "period": "2017-12-31",
        "pretaxIncome": 1255,
        "provisionforIncomeTaxes": 173,
        "revenue": 12884,
        "sgaExpense": 952,
        "totalOperatingExpense": 1069,
        "totalOtherIncomeExpenseNet": -24,
        "year": 2017
      },
      {
        "costOfGoodsSold": 9527,
        "depreciationAmortization": 117,
        "dilutedAverageSharesOutstanding": 274,
        "dilutedEPS": 4.58,
        "ebit": 1706,
        "equityEarningsAffiliates": 35,
        "grossIncome": 2747,
        "interestExpense": 155,
        "interestIncomeExpense": -157,
        "minorityInterest": -34,
        "netIncome": 1257,
        "netIncomeAfterTaxes": 833,
        "nonRecurringItems": -540,
        "period": "2016-12-31",
        "pretaxIncome": 1000,
        "provisionforIncomeTaxes": 167,
        "revenue": 12274,
        "sgaExpense": 924,
        "totalOperatingExpense": 1041,
        "totalOtherIncomeExpenseNet": -9,
        "year": 2016
      },
      {
        "costOfGoodsSold": 8691,
        "depreciationAmortization": 70,
        "dilutedAverageSharesOutstanding": 287,
        "dilutedEPS": 5.05,
        "ebit": 1300,
        "equityEarningsAffiliates": 16,
        "grossIncome": 2173,
        "interestExpense": 124,
        "interestIncomeExpense": -112,
        "minorityInterest": -39,
        "netIncome": 1450,
        "netIncomeAfterTaxes": 836,
        "nonRecurringItems": -163,
        "period": "2015-12-31",
        "pretaxIncome": 997,
        "provisionforIncomeTaxes": 161,
        "revenue": 10864,
        "sgaExpense": 803,
        "totalOperatingExpense": 873,
        "totalOtherIncomeExpenseNet": -28,
        "year": 2015
      }
    ],
    "symbol": "APTV"
  }
}