{
  "symbol": "PPG",
  "statement": "ic",
  "frequency": "annual",
  "timestamp": "2025-09-19T14:05:39.239783",
  "data": {
    "financials": [
      {
        "costOfGoodsSold": 9205,
        "depreciationAmortization": 516,
        "dilutedAverageSharesOutstanding": 234.9,
        "dilutedEPS": 4.75,
        "ebit": 2257,
        "gainLossOnDispositionOfAssets": 129,
        "grossIncome": 6640,
        "interestExpense": 241,
        "interestIncomeExpense": -44,
        "minorityInterest": -33,
        "netIncome": 1116,
        "netIncomeAfterTaxes": 1377,
        "nonRecurringItems": -489,
        "otherOperatingExpensesTotal": 30,
        "period": "2024-12-31",
        "pretaxIncome": 1852,
        "provisionforIncomeTaxes": 475,
        "researchDevelopment": 399,
        "revenue": 15845,
        "sgaExpense": 3438,
        "totalOperatingExpense": 4383,
        "totalOtherIncomeExpenseNet": -1,
        "year": 2024
      },
      {
        "costOfGoodsSold": 9633,
        "depreciationAmortization": 536,
        "dilutedAverageSharesOutstanding": 237.2,
        "dilutedEPS": 5.35,
        "ebit": 2190,
        "gainLossOnDispositionOfAssets": -23,
        "grossIncome": 6609,
        "interestExpense": 247,
        "interestIncomeExpense": -86,
        "minorityInterest": -39,
        "netIncome": 1270,
        "netIncomeAfterTaxes": 1262,
        "nonRecurringItems": -348,
        "otherOperatingExpensesTotal": 35,
        "period": "2023-12-31",
        "pretaxIncome": 1690,
        "provisionforIncomeTaxes": 428,
        "researchDevelopment": 402,
        "revenue": 16242,
        "sgaExpense": 3446,
        "totalOperatingExpense": 4419,
        "totalOtherIncomeExpenseNet": -43,
        "year": 2023
      },
      {
        "costOfGoodsSold": 9933,
        "depreciationAmortization": 525,
        "dilutedAverageSharesOutstanding": 237.3,
        "dilutedEPS": 4.32,
        "ebit": 1653,
        "gainLossOnDispositionOfAssets": 4,
        "grossIncome": 5681,
        "interestExpense": 167,
        "interestIncomeExpense": -88,
        "minorityInterest": -28,
        "netIncome": 1026,
        "netIncomeAfterTaxes": 1035,
        "nonRecurringItems": -264,
        "otherOperatingExpensesTotal": 13,
        "period": "2022-12-31",
        "pretaxIncome": 1355,
        "provisionforIncomeTaxes": 320,
        "researchDevelopment": 411,
        "revenue": 15614,
        "sgaExpense": 3079,
        "totalOperatingExpense": 4028,
        "totalOtherIncomeExpenseNet": 50,
        "year": 2022
      },
      {
        "costOfGoodsSold": 10245,
        "depreciationAmortization": 585,
        "dilutedAverageSharesOutstanding": 239.4,
        "dilutedEPS": 6.01,
        "ebit": 1680,
        "gainLossOnDispositionOfAssets": 47,
        "grossIncome": 6557,
        "interestExpense": 121,
        "interestIncomeExpense": -80,
        "minorityInterest": -21,
        "netIncome": 1439,
        "netIncomeAfterTaxes": 1441,
        "nonRecurringItems": 31,
        "otherOperatingExpensesTotal": 56,
        "period": "2021-12-31",
        "pretaxIncome": 1815,
        "provisionforIncomeTaxes": 374,
        "researchDevelopment": 415,
        "revenue": 16802,
        "sgaExpense": 3821,
        "totalOperatingExpense": 4877,
        "totalOtherIncomeExpenseNet": 137,
        "year": 2021
      },
      {
        "costOfGoodsSold": 7743,
        "depreciationAmortization": 531,
        "dilutedAverageSharesOutstanding": 238,
        "dilutedEPS": 4.44,
        "ebit": 1720,
        "gainLossOnDispositionOfAssets": 5,
        "grossIncome": 6091,
        "interestExpense": 138,
        "interestIncomeExpense": -107,
        "minorityInterest": -15,
        "netIncome": 1059,
        "netIncomeAfterTaxes": 1071,
        "nonRecurringItems": -280,
        "otherOperatingExpensesTotal": 60,
        "period": "2020-12-31",
        "pretaxIncome": 1362,
        "provisionforIncomeTaxes": 291,
        "researchDevelopment": 357,
        "revenue": 13834,
        "sgaExpense": 3423,
        "totalOperatingExpense": 4371,
        "totalOtherIncomeExpenseNet": 24,
        "year": 2020
      },
      {
        "costOfGoodsSold": 8619,
        "depreciationAmortization": 535,
        "dilutedAverageSharesOutstanding": 238,
        "dilutedEPS": 5.22,
        "ebit": 1869,
        "grossIncome": 6527,
        "interestExpense": 111,
        "interestIncomeExpense": -102,
        "minorityInterest": -26,
        "netIncome": 1243,
        "netIncomeAfterTaxes": 1269,
        "nonRecurringItems": -176,
        "otherOperatingExpensesTotal": 77,
        "period": "2019-12-31",
        "pretaxIncome": 1661,
        "provisionforIncomeTaxes": 392,
        "researchDevelopment": 408,
        "revenue": 15146,
        "sgaExpense": 3638,
        "totalOperatingExpense": 4658,
        "totalOtherIncomeExpenseNet": 70,
        "year": 2019
      },
      {
        "costOfGoodsSold": 9001,
        "depreciationAmortization": 520,
        "dilutedAverageSharesOutstanding": 245,
        "dilutedEPS": 5.47,
        "ebit": 1798,
        "grossIncome": 6373,
        "interestExpense": 102,
        "interestIncomeExpense": -142,
        "minorityInterest": -17,
        "netIncome": 1341,
        "netIncomeAfterTaxes": 1327,
        "nonRecurringItems": -66,
        "otherOperatingExpensesTotal": 64,
        "period": "2018-12-31",
        "pretaxIncome": 1693,
        "provisionforIncomeTaxes": 366,
        "researchDevelopment": 418,
        "revenue": 15374,
        "sgaExpense": 3573,
        "totalOperatingExpense": 4575,
        "totalOtherIncomeExpenseNet": 103,
        "year": 2018
      },
      {
        "costOfGoodsSold": 8207,
        "depreciationAmortization": 460,
        "dilutedAverageSharesOutstanding": 258,
        "dilutedEPS": 6.17,
        "ebit": 2064,
        "grossIncome": 6541,
        "interestExpense": 105,
        "interestIncomeExpense": -92,
        "minorityInterest": -21,
        "netIncome": 1594,
        "netIncomeAfterTaxes": 1524,
        "nonRecurringItems": -60,
        "period": "2017-12-31",
        "pretaxIncome": 2005,
        "provisionforIncomeTaxes": 481,
        "researchDevelopment": 453,
        "revenue": 14748,
        "sgaExpense": 3564,
        "totalOperatingExpense": 4477,
        "totalOtherIncomeExpenseNet": 93,
        "year": 2017
      },
      {
        "costOfGoodsSold": 7693,
        "depreciationAmortization": 440,
        "dilutedAverageSharesOutstanding": 267,
        "dilutedEPS": 3.29,
        "ebit": 2097,
        "grossIncome": 6577,
        "interestExpense": 125,
        "interestIncomeExpense": -108,
        "minorityInterest": -22,
        "netIncome": 880,
        "netIncomeAfterTaxes": 572,
        "nonRecurringItems": -1164,
        "period": "2016-12-31",
        "pretaxIncome": 786,
        "provisionforIncomeTaxes": 214,
        "researchDevelopment": 459,
        "revenue": 14270,
        "sgaExpense": 3581,
        "totalOperatingExpense": 4480,
        "totalOtherIncomeExpenseNet": -39,
        "year": 2016
      },
      {
        "costOfGoodsSold": 7786,
        "depreciationAmortization": 446,
        "dilutedAverageSharesOutstanding": 274,
        "dilutedEPS": 5.13,
        "ebit": 1959,
        "grossIncome": 6455,
        "interestExpense": 125,
        "interestIncomeExpense": -93,
        "minorityInterest": -21,
        "netIncome": 1406,
        "netIncomeAfterTaxes": 1332,
        "nonRecurringItems": -148,
        "period": "2015-12-31",
        "pretaxIncome": 1745,
        "provisionforIncomeTaxes": 413,
        "researchDevelopment": 466,
        "revenue": 14241,
        "sgaExpense": 3584,
        "totalOperatingExpense": 4496,
        "totalOtherIncomeExpenseNet": 27,
        "year": 2015
      }
    ],
    "symbol": "PPG"
  }
}