{
  "symbol": "WEC",
  "statement": "ic",
  "frequency": "annual",
  "timestamp": "2025-09-19T14:08:43.772488",
  "data": {
    "financials": [
      {
        "costOfGoodsSold": 2656,
        "depreciationAmortization": 1354.5,
        "dilutedAverageSharesOutstanding": 316.5,
        "dilutedEPS": 4.8253,
        "ebit": 2164.9,
        "grossIncome": 5943.9,
        "interestExpense": 815.3,
        "interestIncomeExpense": -574.2,
        "minorityInterest": 4.1,
        "netIncome": 1527.2,
        "netIncomeAfterTaxes": 1524.3,
        "nonRecurringItems": 11,
        "operationsMaintenance": 2152.2,
        "otherOperatingExpensesTotal": 266.5,
        "otherRevenue": 217.2,
        "period": "2024-12-31",
        "pretaxIncome": 1746.3,
        "provisionforIncomeTaxes": 222,
        "revenue": 8599.9,
        "sgaExpense": 5.8,
        "totalOperatingExpense": 3779,
        "totalOtherIncomeExpenseNet": 144.6,
        "year": 2024
      },
      {
        "costOfGoodsSold": 3191.2,
        "depreciationAmortization": 1264.2,
        "dilutedAverageSharesOutstanding": 315.9,
        "dilutedEPS": 4.2156,
        "ebit": 2086.9,
        "grossIncome": 5701.8,
        "interestExpense": 726.9,
        "interestIncomeExpense": -536.8,
        "minorityInterest": 1.2,
        "netIncome": 1331.7,
        "netIncomeAfterTaxes": 1331.7,
        "nonRecurringItems": -178.9,
        "operationsMaintenance": 2094.6,
        "otherOperatingExpensesTotal": 250.2,
        "otherRevenue": 190.2,
        "period": "2023-12-31",
        "pretaxIncome": 1536.3,
        "provisionforIncomeTaxes": 204.6,
        "revenue": 8893,
        "sgaExpense": 5.9,
        "totalOperatingExpense": 3614.9,
        "totalOtherIncomeExpenseNet": 165.1,
        "year": 2023
      },
      {
        "costOfGoodsSold": 4358.9,
        "depreciationAmortization": 1122.6,
        "dilutedAverageSharesOutstanding": 316.1,
        "dilutedEPS": 4.4546,
        "ebit": 1924.2,
        "grossIncome": 5238.5,
        "interestExpense": 515.1,
        "interestIncomeExpense": -323.7,
        "minorityInterest": -0.4,
        "netIncome": 1408.1,
        "netIncomeAfterTaxes": 1409.7,
        "nonRecurringItems": 0,
        "operationsMaintenance": 1938,
        "otherOperatingExpensesTotal": 253.7,
        "otherRevenue": 127.5,
        "period": "2022-12-31",
        "pretaxIncome": 1732.6,
        "provisionforIncomeTaxes": 322.9,
        "revenue": 9597.4,
        "totalOperatingExpense": 3314.3,
        "totalOtherIncomeExpenseNet": 132.1,
        "year": 2022
      },
      {
        "costOfGoodsSold": 3311,
        "depreciationAmortization": 1074.3,
        "dilutedAverageSharesOutstanding": 316.3,
        "dilutedEPS": 4.11,
        "ebit": 1714.9,
        "grossIncome": 5005,
        "interestExpense": 471.1,
        "interestIncomeExpense": -274.5,
        "minorityInterest": 3,
        "netIncome": 1300.3,
        "netIncomeAfterTaxes": 1298.5,
        "nonRecurringItems": -36.3,
        "operationsMaintenance": 2005.5,
        "otherOperatingExpensesTotal": 210.3,
        "otherRevenue": 87.2,
        "period": "2021-12-31",
        "pretaxIncome": 1498.8,
        "provisionforIncomeTaxes": 200.3,
        "revenue": 8316,
        "totalOperatingExpense": 3290.1,
        "totalOtherIncomeExpenseNet": 94.7,
        "year": 2021
      },
      {
        "costOfGoodsSold": 2319.5,
        "depreciationAmortization": 975.9,
        "dilutedAverageSharesOutstanding": 316.5,
        "dilutedEPS": 3.79,
        "ebit": 1706.1,
        "grossIncome": 4922.2,
        "interestExpense": 493.7,
        "interestIncomeExpense": -305.2,
        "minorityInterest": -0.3,
        "netIncome": 1199.9,
        "netIncomeAfterTaxes": 1201.4,
        "nonRecurringItems": -38.4,
        "operationsMaintenance": 2032.2,
        "otherOperatingExpensesTotal": 208,
        "otherRevenue": 62.2,
        "period": "2020-12-31",
        "pretaxIncome": 1429.3,
        "provisionforIncomeTaxes": 227.9,
        "revenue": 7241.7,
        "totalOperatingExpense": 3216.1,
        "totalOtherIncomeExpenseNet": 66.8,
        "year": 2020
      },
      {
        "costOfGoodsSold": 2668,
        "depreciationAmortization": 926.3,
        "dilutedAverageSharesOutstanding": 316.7,
        "dilutedEPS": 3.58,
        "ebit": 1542.2,
        "grossIncome": 4855.1,
        "interestExpense": 501.5,
        "interestIncomeExpense": -363.5,
        "minorityInterest": 0.5,
        "netIncome": 1134,
        "netIncomeAfterTaxes": 1134.7,
        "operationsMaintenance": 2184.8,
        "otherOperatingExpensesTotal": 201.8,
        "otherRevenue": 92.9,
        "period": "2019-12-31",
        "pretaxIncome": 1259.7,
        "provisionforIncomeTaxes": 125,
        "revenue": 7523.1,
        "totalOperatingExpense": 3312.9,
        "totalOtherIncomeExpenseNet": 81,
        "year": 2019
      },
      {
        "costOfGoodsSold": 2940,
        "depreciationAmortization": 845.8,
        "dilutedAverageSharesOutstanding": 316.9,
        "dilutedEPS": 3.34,
        "ebit": 1426.3,
        "gainLossOnDispositionOfAssets": 0,
        "grossIncome": 4739.5,
        "interestExpense": 445.1,
        "interestIncomeExpense": -266.3,
        "netIncome": 1059.3,
        "netIncomeAfterTaxes": 1060.5,
        "operationsMaintenance": 2270.5,
        "otherOperatingExpensesTotal": 196.9,
        "otherRevenue": 46.6,
        "period": "2018-12-31",
        "pretaxIncome": 1230.3,
        "provisionforIncomeTaxes": 169.8,
        "revenue": 7679.5,
        "totalOperatingExpense": 3313.2,
        "totalOtherIncomeExpenseNet": 70.3,
        "year": 2018
      },
      {
        "costOfGoodsSold": 2822.8,
        "depreciationAmortization": 798.6,
        "dilutedAverageSharesOutstanding": 317.2,
        "dilutedEPS": 3.79,
        "ebit": 1776.1,
        "gainLossOnDispositionOfAssets": 0,
        "grossIncome": 4825.7,
        "interestExpense": 415.7,
        "interestIncomeExpense": -261.4,
        "netIncome": 1203.7,
        "netIncomeAfterTaxes": 998.2,
        "operationsMaintenance": 2056.1,
        "otherOperatingExpensesTotal": 194.9,
        "otherRevenue": 52.6,
        "period": "2017-12-31",
        "pretaxIncome": 1588.4,
        "provisionforIncomeTaxes": 590.2,
        "revenue": 7648.5,
        "totalOperatingExpense": 3049.6,
        "totalOtherIncomeExpenseNet": 73.7,
        "year": 2017
      },
      {
        "costOfGoodsSold": 2647.4,
        "depreciationAmortization": 762.6,
        "dilutedAverageSharesOutstanding": 316.9,
        "dilutedEPS": 2.96,
        "ebit": 1685.6,
        "gainLossOnDispositionOfAssets": 43.2,
        "grossIncome": 4824.9,
        "interestExpense": 402.7,
        "interestIncomeExpense": -256.2,
        "netIncome": 939,
        "netIncomeAfterTaxes": 940.2,
        "nonRecurringItems": -3.5,
        "operationsMaintenance": 2182,
        "otherOperatingExpensesTotal": 194.7,
        "otherRevenue": 47.9,
        "period": "2016-12-31",
        "pretaxIncome": 1506.7,
        "provisionforIncomeTaxes": 566.5,
        "revenue": 7472.3,
        "totalOperatingExpense": 3139.3,
        "totalOtherIncomeExpenseNet": 37.6,
        "year": 2016
      },
      {
        "costOfGoodsSold": 2240.1,
        "depreciationAmortization": 561.8,
        "dilutedAverageSharesOutstanding": 272.7,
        "dilutedEPS": 2.34,
        "ebit": 1358.1,
        "gainLossOnDispositionOfAssets": 22.9,
        "grossIncome": 3686,
        "interestExpense": 331.4,
        "interestIncomeExpense": -235.3,
        "netIncome": 638.5,
        "netIncomeAfterTaxes": 640.3,
        "nonRecurringItems": -107.6,
        "operationsMaintenance": 1601.7,
        "otherOperatingExpensesTotal": 164.4,
        "otherRevenue": 82.3,
        "period": "2015-12-31",
        "pretaxIncome": 1074.1,
        "provisionforIncomeTaxes": 433.8,
        "revenue": 5926.1,
        "totalOperatingExpense": 2327.9,
        "totalOtherIncomeExpenseNet": 36,
        "year": 2015
      }
    ],
    "symbol": "WEC"
  }
}