{
  "symbol": "FCX",
  "statement": "ic",
  "frequency": "annual",
  "timestamp": "2025-09-19T14:00:47.566742",
  "data": {
    "financials": [
      {
        "costOfGoodsSold": 17605,
        "dilutedAverageSharesOutstanding": 1445,
        "dilutedEPS": 1.3,
        "ebit": 6909,
        "equityEarningsAffiliates": 15,
        "grossIncome": 7850,
        "interestExpense": 319,
        "interestIncomeExpense": -302,
        "minorityInterest": -2510,
        "netIncome": 1883,
        "netIncomeAfterTaxes": 4384,
        "nonRecurringItems": -45,
        "otherOperatingExpensesTotal": 82,
        "period": "2024-12-31",
        "pretaxIncome": 6907,
        "provisionforIncomeTaxes": 2523,
        "researchDevelopment": 156,
        "revenue": 25455,
        "sgaExpense": 703,
        "totalOperatingExpense": 941,
        "totalOtherIncomeExpenseNet": 345,
        "year": 2024
      },
      {
        "costOfGoodsSold": 15521,
        "dilutedAverageSharesOutstanding": 1443,
        "dilutedEPS": 1.28,
        "ebit": 6349,
        "equityEarningsAffiliates": 15,
        "grossIncome": 7334,
        "interestExpense": 515,
        "interestIncomeExpense": -495,
        "minorityInterest": -1903,
        "netIncome": 1842,
        "netIncomeAfterTaxes": 3736,
        "nonRecurringItems": -183,
        "otherOperatingExpensesTotal": 195,
        "period": "2023-12-31",
        "pretaxIncome": 6006,
        "provisionforIncomeTaxes": 2270,
        "researchDevelopment": 137,
        "revenue": 22855,
        "sgaExpense": 653,
        "totalOperatingExpense": 985,
        "totalOtherIncomeExpenseNet": 335,
        "year": 2023
      },
      {
        "costOfGoodsSold": 14959,
        "dilutedAverageSharesOutstanding": 1451,
        "dilutedEPS": 2.39,
        "ebit": 7035,
        "equityEarningsAffiliates": 31,
        "grossIncome": 7821,
        "interestExpense": 560,
        "interestIncomeExpense": -415,
        "minorityInterest": -1011,
        "netIncome": 3461,
        "netIncomeAfterTaxes": 4448,
        "nonRecurringItems": 33,
        "otherOperatingExpensesTotal": 121,
        "period": "2022-12-31",
        "pretaxIncome": 6715,
        "provisionforIncomeTaxes": 2267,
        "researchDevelopment": 115,
        "revenue": 22780,
        "sgaExpense": 550,
        "totalOperatingExpense": 786,
        "totalOtherIncomeExpenseNet": 62,
        "year": 2022
      },
      {
        "costOfGoodsSold": 13926,
        "dilutedAverageSharesOutstanding": 1482,
        "dilutedEPS": 2.9,
        "ebit": 8286,
        "equityEarningsAffiliates": 5,
        "grossIncome": 8919,
        "interestExpense": 602,
        "interestIncomeExpense": -536,
        "minorityInterest": -1059,
        "netIncome": 4299,
        "netIncomeAfterTaxes": 5360,
        "nonRecurringItems": 80,
        "otherOperatingExpensesTotal": 91,
        "period": "2021-12-31",
        "pretaxIncome": 7659,
        "provisionforIncomeTaxes": 2299,
        "researchDevelopment": 55,
        "revenue": 22845,
        "sgaExpense": 487,
        "totalOperatingExpense": 633,
        "totalOtherIncomeExpenseNet": -171,
        "year": 2021
      },
      {
        "costOfGoodsSold": 11421,
        "dilutedAverageSharesOutstanding": 1461,
        "dilutedEPS": 0.41,
        "ebit": 2222,
        "equityEarningsAffiliates": 12,
        "grossIncome": 2777,
        "interestExpense": 598,
        "interestIncomeExpense": -598,
        "minorityInterest": -266,
        "netIncome": 596,
        "netIncomeAfterTaxes": 853,
        "nonRecurringItems": 114,
        "otherOperatingExpensesTotal": 159,
        "period": "2020-12-31",
        "pretaxIncome": 1797,
        "provisionforIncomeTaxes": 944,
        "researchDevelopment": 42,
        "revenue": 14198,
        "sgaExpense": 354,
        "totalOperatingExpense": 555,
        "totalOtherIncomeExpenseNet": 59,
        "year": 2020
      },
      {
        "costOfGoodsSold": 13098,
        "dilutedAverageSharesOutstanding": 1451,
        "dilutedEPS": -0.17,
        "ebit": 681,
        "equityEarningsAffiliates": 12,
        "grossIncome": 1304,
        "interestExpense": 620,
        "interestIncomeExpense": -627,
        "minorityInterest": -50,
        "netIncome": -239,
        "netIncomeAfterTaxes": -204,
        "nonRecurringItems": 390,
        "otherOperatingExpensesTotal": 105,
        "period": "2019-12-31",
        "pretaxIncome": 306,
        "provisionforIncomeTaxes": 510,
        "researchDevelopment": 104,
        "revenue": 14402,
        "sgaExpense": 414,
        "totalOperatingExpense": 623,
        "totalOtherIncomeExpenseNet": -138,
        "year": 2019
      },
      {
        "costOfGoodsSold": 13427,
        "dilutedAverageSharesOutstanding": 1458,
        "dilutedEPS": 1.78,
        "ebit": 4564,
        "equityEarningsAffiliates": 8,
        "grossIncome": 5201,
        "interestExpense": 945,
        "interestIncomeExpense": -963,
        "minorityInterest": -292,
        "netIncome": 2598,
        "netIncomeAfterTaxes": 2778,
        "nonRecurringItems": 215,
        "otherOperatingExpensesTotal": 89,
        "period": "2018-12-31",
        "pretaxIncome": 3892,
        "provisionforIncomeTaxes": 1114,
        "researchDevelopment": 105,
        "revenue": 18628,
        "sgaExpense": 443,
        "totalOperatingExpense": 637,
        "totalOtherIncomeExpenseNet": 76,
        "year": 2018
      },
      {
        "costOfGoodsSold": 11995,
        "dilutedAverageSharesOutstanding": 1454,
        "dilutedEPS": 1.24,
        "ebit": 3594,
        "equityEarningsAffiliates": 10,
        "grossIncome": 4408,
        "interestExpense": 801,
        "interestIncomeExpense": -786,
        "minorityInterest": -274,
        "netIncome": 1813,
        "netIncomeAfterTaxes": 1626,
        "nonRecurringItems": 102,
        "otherOperatingExpensesTotal": 244,
        "period": "2017-12-31",
        "pretaxIncome": 2902,
        "provisionforIncomeTaxes": 1276,
        "researchDevelopment": 93,
        "revenue": 16403,
        "sgaExpense": 477,
        "totalOperatingExpense": 814,
        "totalOtherIncomeExpenseNet": -8,
        "year": 2017
      },
      {
        "costOfGoodsSold": 13212,
        "dilutedAverageSharesOutstanding": 1318,
        "dilutedEPS": -3.15,
        "ebit": 944,
        "equityEarningsAffiliates": 11,
        "grossIncome": 1618,
        "interestExpense": 755,
        "interestIncomeExpense": -760,
        "minorityInterest": -66,
        "netIncome": -4157,
        "netIncomeAfterTaxes": -3843,
        "nonRecurringItems": -3642,
        "otherOperatingExpensesTotal": 14,
        "period": "2016-12-31",
        "pretaxIncome": -3472,
        "provisionforIncomeTaxes": 371,
        "researchDevelopment": 63,
        "revenue": 14830,
        "sgaExpense": 597,
        "totalOperatingExpense": 674,
        "totalOtherIncomeExpenseNet": -14,
        "year": 2016
      },
      {
        "costOfGoodsSold": 14286,
        "dilutedAverageSharesOutstanding": 1082,
        "dilutedEPS": -11.32,
        "ebit": -422,
        "equityEarningsAffiliates": -3,
        "grossIncome": 321,
        "interestExpense": 617,
        "interestIncomeExpense": -602,
        "minorityInterest": -68,
        "netIncome": -12236,
        "netIncomeAfterTaxes": -12177,
        "nonRecurringItems": -13105,
        "otherOperatingExpensesTotal": 78,
        "period": "2015-12-31",
        "pretaxIncome": -14128,
        "provisionforIncomeTaxes": -1951,
        "researchDevelopment": 107,
        "revenue": 14607,
        "sgaExpense": 558,
        "totalOperatingExpense": 743,
        "totalOtherIncomeExpenseNet": 1,
        "year": 2015
      }
    ],
    "symbol": "FCX"
  }
}