{
  "symbol": "DLR",
  "statement": "ic",
  "frequency": "annual",
  "timestamp": "2025-09-19T13:59:09.855077",
  "data": {
    "financials": [
      {
        "costOfGoodsSold": 2365.615,
        "depreciationAmortization": 1771.797,
        "dilutedAverageSharesOutstanding": 331.547,
        "dilutedEPS": 1.6944,
        "ebit": 565.766,
        "gainLossOnDispositionOfAssets": 595.825,
        "grossIncome": 3189.353,
        "interestExpense": 452.836,
        "interestIncomeExpense": -572.974,
        "minorityInterest": 14.163,
        "netIncome": 561.766,
        "netIncomeAfterTaxes": 588.327,
        "nonRecurringItems": -99.773,
        "otherOperatingExpensesTotal": 218.267,
        "period": "2024-12-31",
        "pretaxIncome": 643.087,
        "provisionforIncomeTaxes": 54.76,
        "revenue": 5554.968,
        "sgaExpense": 633.523,
        "totalOperatingExpense": 2623.587,
        "totalOtherIncomeExpenseNet": 154.243,
        "year": 2024
      },
      {
        "costOfGoodsSold": 2444.871,
        "depreciationAmortization": 1694.859,
        "dilutedAverageSharesOutstanding": 309.065,
        "dilutedEPS": 2.93,
        "ebit": 704.183,
        "gainLossOnDispositionOfAssets": 900.531,
        "grossIncome": 3032.19,
        "interestExpense": 437.741,
        "interestIncomeExpense": -467.532,
        "minorityInterest": -1.474,
        "netIncome": 908.114,
        "netIncomeAfterTaxes": 950.312,
        "nonRecurringItems": -179.722,
        "otherOperatingExpensesTotal": 30.892,
        "period": "2023-12-31",
        "pretaxIncome": 1025.891,
        "provisionforIncomeTaxes": 75.579,
        "revenue": 5477.061,
        "sgaExpense": 602.256,
        "totalOperatingExpense": 2328.007,
        "totalOtherIncomeExpenseNet": 68.431,
        "year": 2023
      },
      {
        "costOfGoodsSold": 1873.562,
        "depreciationAmortization": 1577.933,
        "dilutedAverageSharesOutstanding": 297.919,
        "dilutedEPS": 1.1311,
        "ebit": 661.734,
        "gainLossOnDispositionOfAssets": 176.754,
        "grossIncome": 2818.272,
        "interestExpense": 299.132,
        "interestIncomeExpense": -312.629,
        "minorityInterest": -2.641,
        "netIncome": 336.96,
        "netIncomeAfterTaxes": 380.325,
        "nonRecurringItems": -122.901,
        "otherOperatingExpensesTotal": 12.438,
        "period": "2022-12-31",
        "pretaxIncome": 411.875,
        "provisionforIncomeTaxes": 31.55,
        "revenue": 4691.834,
        "sgaExpense": 566.167,
        "totalOperatingExpense": 2156.538,
        "totalOtherIncomeExpenseNet": 8.917,
        "year": 2022
      },
      {
        "costOfGoodsSold": 1634.52,
        "depreciationAmortization": 1486.632,
        "dilutedAverageSharesOutstanding": 283.222,
        "dilutedEPS": 5.937,
        "ebit": 759.726,
        "gainLossOnDispositionOfAssets": 1380.795,
        "grossIncome": 2793.362,
        "interestExpense": 293.846,
        "interestIncomeExpense": -231.563,
        "minorityInterest": -38.153,
        "netIncome": 1681.498,
        "netIncomeAfterTaxes": 1747.412,
        "nonRecurringItems": -84.389,
        "otherOperatingExpensesTotal": 2.55,
        "period": "2021-12-31",
        "pretaxIncome": 1820.211,
        "provisionforIncomeTaxes": 72.799,
        "revenue": 4427.882,
        "sgaExpense": 544.454,
        "totalOperatingExpense": 2033.636,
        "totalOtherIncomeExpenseNet": -4.358,
        "year": 2021
      },
      {
        "costOfGoodsSold": 1384.7,
        "depreciationAmortization": 1366.4,
        "dilutedAverageSharesOutstanding": 262.5,
        "dilutedEPS": 1,
        "ebit": 670.7,
        "gainLossOnDispositionOfAssets": 316.9,
        "grossIncome": 2518.9,
        "interestExpense": 333.021,
        "interestIncomeExpense": -370.4,
        "minorityInterest": -6.3,
        "netIncome": 263.3,
        "netIncomeAfterTaxes": 362.7,
        "nonRecurringItems": -216.4,
        "otherOperatingExpensesTotal": 1.1,
        "period": "2020-12-31",
        "pretaxIncome": 400.8,
        "provisionforIncomeTaxes": 38,
        "revenue": 3903.6,
        "sgaExpense": 480.8,
        "totalOperatingExpense": 1848.2,
        "year": 2020
      },
      {
        "costOfGoodsSold": 1192.8,
        "depreciationAmortization": 1163.8,
        "dilutedAverageSharesOutstanding": 209.5,
        "dilutedEPS": 2.35,
        "ebit": 627.5,
        "gainLossOnDispositionOfAssets": 267.7,
        "grossIncome": 2016.5,
        "interestExpense": 353.057,
        "interestIncomeExpense": -279,
        "minorityInterest": -19.5,
        "netIncome": 493,
        "netIncomeAfterTaxes": 599.2,
        "nonRecurringItems": -4.9,
        "otherOperatingExpensesTotal": 14.1,
        "period": "2019-12-31",
        "pretaxIncome": 611.2,
        "provisionforIncomeTaxes": 12,
        "revenue": 3209.2,
        "sgaExpense": 211.1,
        "totalOperatingExpense": 1389,
        "year": 2019
      },
      {
        "costOfGoodsSold": 1086.6,
        "depreciationAmortization": 1186.9,
        "dilutedAverageSharesOutstanding": 206.7,
        "dilutedEPS": 1.21,
        "ebit": 595.1,
        "gainLossOnDispositionOfAssets": 80,
        "grossIncome": 1959.9,
        "interestExpense": 321.529,
        "interestIncomeExpense": -285.1,
        "minorityInterest": -9.9,
        "netIncome": 249.9,
        "netIncomeAfterTaxes": 341.1,
        "nonRecurringItems": -46.9,
        "otherOperatingExpensesTotal": 2.8,
        "period": "2018-12-31",
        "pretaxIncome": 343.2,
        "provisionforIncomeTaxes": 2.1,
        "revenue": 3046.5,
        "sgaExpense": 175.1,
        "totalOperatingExpense": 1364.8,
        "year": 2018
      },
      {
        "costOfGoodsSold": 883.6,
        "depreciationAmortization": 842.5,
        "dilutedAverageSharesOutstanding": 174.9,
        "dilutedEPS": 0.99,
        "ebit": 556.4,
        "gainLossOnDispositionOfAssets": 40.4,
        "grossIncome": 1574.3,
        "interestExpense": 258.642,
        "interestIncomeExpense": -229.5,
        "minorityInterest": -8,
        "netIncome": 173.1,
        "netIncomeAfterTaxes": 256.3,
        "nonRecurringItems": -103.1,
        "otherOperatingExpensesTotal": 3.1,
        "period": "2017-12-31",
        "pretaxIncome": 264.2,
        "provisionforIncomeTaxes": 7.9,
        "revenue": 2457.9,
        "sgaExpense": 172.4,
        "totalOperatingExpense": 1017.9,
        "year": 2017
      },
      {
        "costOfGoodsSold": 762.7,
        "depreciationAmortization": 699.3,
        "dilutedAverageSharesOutstanding": 150.7,
        "dilutedEPS": 2.2,
        "ebit": 517.8,
        "gainLossOnDispositionOfAssets": 169.9,
        "grossIncome": 1379.5,
        "interestExpense": 236.48,
        "interestIncomeExpense": -223.9,
        "minorityInterest": -5.7,
        "netIncome": 332.1,
        "netIncomeAfterTaxes": 431.9,
        "nonRecurringItems": -21.5,
        "otherOperatingExpensesTotal": 0.2,
        "period": "2016-12-31",
        "pretaxIncome": 442.2,
        "provisionforIncomeTaxes": 10.4,
        "revenue": 2142.2,
        "sgaExpense": 162.2,
        "totalOperatingExpense": 861.7,
        "year": 2016
      },
      {
        "costOfGoodsSold": 642.5,
        "depreciationAmortization": 570.5,
        "dilutedAverageSharesOutstanding": 138.9,
        "dilutedEPS": 1.56,
        "ebit": 419.3,
        "gainLossOnDispositionOfAssets": 94.6,
        "grossIncome": 1120.9,
        "interestExpense": 201.435,
        "interestIncomeExpense": -188.3,
        "minorityInterest": -4.9,
        "netIncome": 217.3,
        "netIncomeAfterTaxes": 301.6,
        "nonRecurringItems": -17.5,
        "otherOperatingExpensesTotal": 16.7,
        "period": "2015-12-31",
        "pretaxIncome": 308,
        "provisionforIncomeTaxes": 6.5,
        "revenue": 1763.3,
        "sgaExpense": 114.4,
        "totalOperatingExpense": 701.6,
        "year": 2015
      }
    ],
    "symbol": "DLR"
  }
}