{
  "symbol": "NXPI",
  "statement": "ic",
  "frequency": "annual",
  "timestamp": "2025-09-19T14:04:56.021117",
  "data": {
    "financials": [
      {
        "costOfGoodsSold": 5388,
        "depreciationAmortization": 136,
        "dilutedAverageSharesOutstanding": 257.848,
        "dilutedEPS": 9.73,
        "ebit": 3712,
        "equityEarningsAffiliates": -12,
        "grossIncome": 7226,
        "interestExpense": 398,
        "interestIncomeExpense": -238,
        "minorityInterest": -32,
        "netIncome": 2510,
        "netIncomeAfterTaxes": 2554,
        "nonRecurringItems": -295,
        "otherOperatingExpensesTotal": 15,
        "period": "2024-12-31",
        "pretaxIncome": 3099,
        "provisionforIncomeTaxes": 545,
        "researchDevelopment": 2284,
        "revenue": 12614,
        "sgaExpense": 1079,
        "totalOperatingExpense": 3514,
        "totalOtherIncomeExpenseNet": -80,
        "year": 2024
      },
      {
        "costOfGoodsSold": 5712,
        "depreciationAmortization": 300,
        "dilutedAverageSharesOutstanding": 261.37,
        "dilutedEPS": 10.7,
        "ebit": 3759,
        "equityEarningsAffiliates": -7,
        "grossIncome": 7564,
        "interestExpense": 438,
        "interestIncomeExpense": -251,
        "minorityInterest": -25,
        "netIncome": 2797,
        "netIncomeAfterTaxes": 2829,
        "nonRecurringItems": -98,
        "otherOperatingExpensesTotal": 15,
        "period": "2023-12-31",
        "pretaxIncome": 3352,
        "provisionforIncomeTaxes": 523,
        "researchDevelopment": 2359,
        "revenue": 13276,
        "sgaExpense": 1131,
        "totalOperatingExpense": 3805,
        "totalOtherIncomeExpenseNet": -58,
        "year": 2023
      },
      {
        "costOfGoodsSold": 5685,
        "depreciationAmortization": 509,
        "dilutedAverageSharesOutstanding": 264.053,
        "dilutedEPS": 10.55,
        "ebit": 3804,
        "equityEarningsAffiliates": -1,
        "grossIncome": 7520,
        "interestExpense": 427,
        "interestIncomeExpense": -383,
        "minorityInterest": -46,
        "netIncome": 2787,
        "netIncomeAfterTaxes": 2834,
        "nonRecurringItems": -25,
        "otherOperatingExpensesTotal": -3,
        "period": "2022-12-31",
        "pretaxIncome": 3363,
        "provisionforIncomeTaxes": 529,
        "researchDevelopment": 2146,
        "revenue": 13205,
        "sgaExpense": 1064,
        "totalOperatingExpense": 3716,
        "totalOtherIncomeExpenseNet": -33,
        "year": 2022
      },
      {
        "costOfGoodsSold": 4996,
        "depreciationAmortization": 592,
        "dilutedAverageSharesOutstanding": 275.646,
        "dilutedEPS": 6.79,
        "ebit": 2584,
        "equityEarningsAffiliates": -2,
        "grossIncome": 6067,
        "interestExpense": 369,
        "interestIncomeExpense": -360,
        "minorityInterest": -35,
        "netIncome": 1871,
        "netIncomeAfterTaxes": 1908,
        "nonRecurringItems": -23,
        "otherOperatingExpensesTotal": 0,
        "period": "2021-12-31",
        "pretaxIncome": 2180,
        "provisionforIncomeTaxes": 272,
        "researchDevelopment": 1935,
        "revenue": 11063,
        "sgaExpense": 956,
        "totalOperatingExpense": 3483,
        "totalOtherIncomeExpenseNet": -21,
        "year": 2021
      },
      {
        "costOfGoodsSold": 4362,
        "depreciationAmortization": 1327,
        "dilutedAverageSharesOutstanding": 283.809,
        "dilutedEPS": 0.18,
        "ebit": 391,
        "equityEarningsAffiliates": -4,
        "grossIncome": 4250,
        "interestExpense": 362,
        "interestIncomeExpense": -365,
        "minorityInterest": -28,
        "netIncome": 52,
        "netIncomeAfterTaxes": 84,
        "nonRecurringItems": -33,
        "otherOperatingExpensesTotal": -4,
        "period": "2020-12-31",
        "pretaxIncome": 1,
        "provisionforIncomeTaxes": -83,
        "researchDevelopment": 1686,
        "revenue": 8612,
        "sgaExpense": 850,
        "totalOperatingExpense": 3859,
        "totalOtherIncomeExpenseNet": 8,
        "year": 2020
      },
      {
        "costOfGoodsSold": 4254,
        "depreciationAmortization": 1435,
        "dilutedAverageSharesOutstanding": 285.911,
        "dilutedEPS": 0.85,
        "ebit": 702,
        "equityEarningsAffiliates": 1,
        "grossIncome": 4623,
        "interestExpense": 370,
        "interestIncomeExpense": -328,
        "minorityInterest": -29,
        "netIncome": 243,
        "netIncomeAfterTaxes": 271,
        "nonRecurringItems": -72,
        "otherOperatingExpensesTotal": -25,
        "period": "2019-12-31",
        "pretaxIncome": 291,
        "provisionforIncomeTaxes": 20,
        "researchDevelopment": 1620,
        "revenue": 8877,
        "sgaExpense": 891,
        "totalOperatingExpense": 3921,
        "totalOtherIncomeExpenseNet": -11,
        "year": 2019
      },
      {
        "costOfGoodsSold": 4545,
        "depreciationAmortization": 1449,
        "dilutedAverageSharesOutstanding": 328.606,
        "dilutedEPS": 6.71,
        "ebit": 906,
        "equityEarningsAffiliates": 59,
        "grossIncome": 4862,
        "interestExpense": 273,
        "interestIncomeExpense": -239,
        "minorityInterest": -50,
        "netIncome": 2208,
        "netIncomeAfterTaxes": 2196,
        "nonRecurringItems": 1718,
        "otherOperatingExpensesTotal": -77,
        "period": "2018-12-31",
        "pretaxIncome": 2375,
        "provisionforIncomeTaxes": 179,
        "researchDevelopment": 1676,
        "revenue": 9407,
        "sgaExpense": 908,
        "totalOperatingExpense": 3956,
        "totalOtherIncomeExpenseNet": -10,
        "year": 2018
      },
      {
        "costOfGoodsSold": 4634,
        "depreciationAmortization": 1432,
        "dilutedAverageSharesOutstanding": 345.802,
        "dilutedEPS": 6.4,
        "ebit": 684,
        "equityEarningsAffiliates": 53,
        "grossIncome": 4622,
        "interestExpense": 310,
        "interestIncomeExpense": -313,
        "minorityInterest": -57,
        "netIncome": 2215,
        "netIncomeAfterTaxes": 1485,
        "nonRecurringItems": 1377,
        "otherOperatingExpensesTotal": -2,
        "period": "2017-12-31",
        "pretaxIncome": 1736,
        "provisionforIncomeTaxes": 251,
        "researchDevelopment": 1564,
        "revenue": 9256,
        "sgaExpense": 944,
        "totalOperatingExpense": 3938,
        "totalOtherIncomeExpenseNet": -12,
        "year": 2017
      },
      {
        "costOfGoodsSold": 5411,
        "depreciationAmortization": 1438,
        "dilutedAverageSharesOutstanding": 347.607,
        "dilutedEPS": 0.58,
        "ebit": 65,
        "equityEarningsAffiliates": 11,
        "grossIncome": 4087,
        "interestExpense": 408,
        "interestIncomeExpense": -412,
        "minorityInterest": -59,
        "netIncome": 200,
        "netIncomeAfterTaxes": 248,
        "nonRecurringItems": -247,
        "otherOperatingExpensesTotal": 0,
        "period": "2016-12-31",
        "pretaxIncome": -603,
        "provisionforIncomeTaxes": -851,
        "researchDevelopment": 1519,
        "revenue": 9498,
        "sgaExpense": 1065,
        "totalOperatingExpense": 4022,
        "totalOtherIncomeExpenseNet": -9,
        "year": 2016
      },
      {
        "costOfGoodsSold": 3296,
        "depreciationAmortization": 223,
        "dilutedAverageSharesOutstanding": 250.116,
        "dilutedEPS": 6.1,
        "ebit": 1058,
        "equityEarningsAffiliates": 9,
        "grossIncome": 2805,
        "interestExpense": 227,
        "interestIncomeExpense": -414,
        "minorityInterest": -73,
        "netIncome": 1526,
        "netIncomeAfterTaxes": 1590,
        "nonRecurringItems": 957,
        "otherOperatingExpensesTotal": 0,
        "period": "2015-12-31",
        "pretaxIncome": 1486,
        "provisionforIncomeTaxes": -104,
        "researchDevelopment": 799,
        "revenue": 6101,
        "sgaExpense": 725,
        "totalOperatingExpense": 1747,
        "totalOtherIncomeExpenseNet": -115,
        "year": 2015
      }
    ],
    "symbol": "NXPI"
  }
}