{
  "symbol": "PPL",
  "statement": "ic",
  "frequency": "annual",
  "timestamp": "2025-09-19T14:05:40.733466",
  "data": {
    "financials": [
      {
        "costOfGoodsSold": 1679,
        "depreciationAmortization": 1279,
        "dilutedAverageSharesOutstanding": 739.853,
        "dilutedEPS": 1.1975,
        "ebit": 1740,
        "grossIncome": 6783,
        "interestExpense": 738,
        "interestIncomeExpense": -705,
        "netIncome": 886,
        "netIncomeAfterTaxes": 888,
        "operationsMaintenance": 2607,
        "otherOperatingExpensesTotal": 374,
        "otherRevenue": 8462,
        "period": "2024-12-31",
        "pretaxIncome": 1116,
        "provisionforIncomeTaxes": 228,
        "purchasedFuelPowerGas": 783,
        "revenue": 8462,
        "totalOperatingExpense": 5043,
        "totalOtherIncomeExpenseNet": 81,
        "year": 2024
      },
      {
        "costOfGoodsSold": 1841,
        "depreciationAmortization": 1254,
        "dilutedAverageSharesOutstanding": 738.166,
        "dilutedEPS": 1.0025,
        "ebit": 1630,
        "grossIncome": 6471,
        "interestExpense": 666,
        "interestIncomeExpense": -634,
        "netIncome": 740,
        "netIncomeAfterTaxes": 740,
        "operationsMaintenance": 2462,
        "otherOperatingExpensesTotal": 392,
        "otherRevenue": 8312,
        "period": "2023-12-31",
        "pretaxIncome": 924,
        "provisionforIncomeTaxes": 184,
        "purchasedFuelPowerGas": 733,
        "revenue": 8312,
        "totalOperatingExpense": 4841,
        "totalOtherIncomeExpenseNet": -72,
        "year": 2023
      },
      {
        "costOfGoodsSold": 1686,
        "depreciationAmortization": 1181,
        "dilutedAverageSharesOutstanding": 736.902,
        "dilutedEPS": 1.02,
        "ebit": 1374,
        "grossIncome": 6216,
        "interestExpense": 513,
        "interestIncomeExpense": -509,
        "netIncome": 756,
        "netIncomeAfterTaxes": 714,
        "nonRecurringItems": 0,
        "operationsMaintenance": 2398,
        "otherOperatingExpensesTotal": 332,
        "otherRevenue": 7902,
        "period": "2022-12-31",
        "pretaxIncome": 915,
        "provisionforIncomeTaxes": 201,
        "purchasedFuelPowerGas": 931,
        "revenue": 7902,
        "totalOperatingExpense": 4842,
        "totalOtherIncomeExpenseNet": 50,
        "year": 2022
      },
      {
        "costOfGoodsSold": 752,
        "depreciationAmortization": 1082,
        "dilutedAverageSharesOutstanding": 762.902,
        "dilutedEPS": -1.93,
        "ebit": 1461,
        "grossIncome": 5031,
        "interestExpense": 918,
        "interestIncomeExpense": -906,
        "netIncome": -1480,
        "netIncomeAfterTaxes": 18,
        "nonRecurringItems": -37,
        "operationsMaintenance": 1571,
        "otherOperatingExpensesTotal": 207,
        "otherRevenue": 5783,
        "period": "2021-12-31",
        "pretaxIncome": 521,
        "provisionforIncomeTaxes": 503,
        "purchasedFuelPowerGas": 710,
        "revenue": 5783,
        "totalOperatingExpense": 3570,
        "totalOtherIncomeExpenseNet": 3,
        "year": 2021
      },
      {
        "costOfGoodsSold": 634,
        "depreciationAmortization": 1287,
        "dilutedAverageSharesOutstanding": 769,
        "dilutedEPS": 1.91,
        "ebit": 2803,
        "grossIncome": 6973,
        "interestExpense": 634,
        "interestIncomeExpense": -991,
        "netIncome": 1468,
        "netIncomeAfterTaxes": 1469,
        "operationsMaintenance": 1944,
        "otherOperatingExpensesTotal": 307,
        "otherRevenue": 7607,
        "period": "2020-12-31",
        "pretaxIncome": 1971,
        "provisionforIncomeTaxes": 502,
        "purchasedFuelPowerGas": 632,
        "revenue": 7607,
        "totalOperatingExpense": 4170,
        "totalOtherIncomeExpenseNet": 159,
        "year": 2020
      },
      {
        "costOfGoodsSold": 723,
        "depreciationAmortization": 1199,
        "dilutedAverageSharesOutstanding": 737,
        "dilutedEPS": 2.37,
        "ebit": 2840,
        "grossIncome": 7046,
        "interestExpense": 621,
        "interestIncomeExpense": -1008,
        "netIncome": 1745,
        "netIncomeAfterTaxes": 1746,
        "operationsMaintenance": 1985,
        "otherOperatingExpensesTotal": 313,
        "otherRevenue": 7769,
        "period": "2019-12-31",
        "pretaxIncome": 2155,
        "provisionforIncomeTaxes": 409,
        "purchasedFuelPowerGas": 709,
        "revenue": 7769,
        "totalOperatingExpense": 4206,
        "totalOtherIncomeExpenseNet": 323,
        "year": 2019
      },
      {
        "costOfGoodsSold": 745,
        "depreciationAmortization": 1094,
        "dilutedAverageSharesOutstanding": 709,
        "dilutedEPS": 2.58,
        "ebit": 2852,
        "grossIncome": 7040,
        "interestExpense": 958,
        "interestIncomeExpense": -813,
        "netIncome": 1825,
        "netIncomeAfterTaxes": 1827,
        "operationsMaintenance": 1983,
        "otherOperatingExpensesTotal": 312,
        "otherRevenue": 7785,
        "period": "2018-12-31",
        "pretaxIncome": 2285,
        "provisionforIncomeTaxes": 458,
        "purchasedFuelPowerGas": 799,
        "revenue": 7785,
        "totalOperatingExpense": 4188,
        "totalOtherIncomeExpenseNet": 246,
        "year": 2018
      },
      {
        "costOfGoodsSold": 685,
        "depreciationAmortization": 1008,
        "dilutedAverageSharesOutstanding": 687,
        "dilutedEPS": 1.63,
        "ebit": 3068,
        "grossIncome": 6762,
        "interestExpense": 895,
        "interestIncomeExpense": -1162,
        "netIncome": 1126,
        "netIncomeAfterTaxes": 1449,
        "operationsMaintenance": 1635,
        "otherOperatingExpensesTotal": 292,
        "otherRevenue": 7447,
        "period": "2017-12-31",
        "pretaxIncome": 1912,
        "provisionforIncomeTaxes": 463,
        "purchasedFuelPowerGas": 759,
        "revenue": 7447,
        "totalOperatingExpense": 3694,
        "totalOtherIncomeExpenseNet": 6,
        "year": 2017
      },
      {
        "costOfGoodsSold": 706,
        "depreciationAmortization": 926,
        "dilutedAverageSharesOutstanding": 680,
        "dilutedEPS": 2.79,
        "ebit": 3048,
        "grossIncome": 6811,
        "interestExpense": 888,
        "interestIncomeExpense": -888,
        "netIncome": 1896,
        "netIncomeAfterTaxes": 1902,
        "operationsMaintenance": 1745,
        "otherOperatingExpensesTotal": 301,
        "otherRevenue": 7517,
        "period": "2016-12-31",
        "pretaxIncome": 2550,
        "provisionforIncomeTaxes": 648,
        "purchasedFuelPowerGas": 791,
        "revenue": 7517,
        "totalOperatingExpense": 3763,
        "totalOtherIncomeExpenseNet": 390,
        "year": 2016
      },
      {
        "costOfGoodsSold": 855,
        "depreciationAmortization": 883,
        "dilutedAverageSharesOutstanding": 673,
        "dilutedEPS": 1.01,
        "ebit": 2831,
        "grossIncome": 6814,
        "interestExpense": 871,
        "interestIncomeExpense": -871,
        "netIncome": 682,
        "netIncomeAfterTaxes": 1603,
        "operationsMaintenance": 1938,
        "otherOperatingExpensesTotal": 299,
        "otherRevenue": 7669,
        "period": "2015-12-31",
        "pretaxIncome": 2068,
        "provisionforIncomeTaxes": 465,
        "purchasedFuelPowerGas": 863,
        "revenue": 7669,
        "totalOperatingExpense": 3983,
        "totalOtherIncomeExpenseNet": 108,
        "year": 2015
      }
    ],
    "symbol": "PPL"
  }
}