{
  "symbol": "DUK",
  "statement": "ic",
  "frequency": "annual",
  "timestamp": "2025-09-19T13:59:27.416510",
  "data": {
    "financials": [
      {
        "costOfGoodsSold": 9771,
        "depreciationAmortization": 5793,
        "dilutedAverageSharesOutstanding": 772,
        "dilutedEPS": 5.6891,
        "ebit": 7940,
        "grossIncome": 20586,
        "interestExpense": 3384,
        "interestIncomeExpense": -3097,
        "minorityInterest": -90,
        "netIncome": 4402,
        "netIncomeAfterTaxes": 4604,
        "nonRecurringItems": -14,
        "operationsMaintenance": 5387,
        "otherOperatingExpensesTotal": 1466,
        "period": "2024-12-31",
        "pretaxIncome": 5194,
        "provisionforIncomeTaxes": 590,
        "revenue": 30357,
        "totalOperatingExpense": 12646,
        "totalOtherIncomeExpenseNet": 365,
        "year": 2024
      },
      {
        "costOfGoodsSold": 9679,
        "depreciationAmortization": 5253,
        "dilutedAverageSharesOutstanding": 771,
        "dilutedEPS": 3.54,
        "ebit": 7119,
        "grossIncome": 19381,
        "interestExpense": 3014,
        "interestIncomeExpense": -2674,
        "minorityInterest": -33,
        "netIncome": 2735,
        "netIncomeAfterTaxes": 4329,
        "nonRecurringItems": -49,
        "operationsMaintenance": 5609,
        "otherOperatingExpensesTotal": 1400,
        "period": "2023-12-31",
        "pretaxIncome": 4767,
        "provisionforIncomeTaxes": 438,
        "revenue": 29060,
        "totalOperatingExpense": 12262,
        "totalOtherIncomeExpenseNet": 371,
        "year": 2023
      },
      {
        "costOfGoodsSold": 10058,
        "depreciationAmortization": 5086,
        "dilutedAverageSharesOutstanding": 770,
        "dilutedEPS": 3.17,
        "ebit": 6424,
        "grossIncome": 18710,
        "interestExpense": 2439,
        "interestIncomeExpense": -2102,
        "minorityInterest": 95,
        "netIncome": 2444,
        "netIncomeAfterTaxes": 3778,
        "nonRecurringItems": -412,
        "operationsMaintenance": 5734,
        "otherOperatingExpensesTotal": 1466,
        "period": "2022-12-31",
        "pretaxIncome": 4078,
        "provisionforIncomeTaxes": 300,
        "revenue": 28768,
        "totalOperatingExpense": 12286,
        "totalOtherIncomeExpenseNet": 168,
        "year": 2022
      },
      {
        "costOfGoodsSold": 6960,
        "depreciationAmortization": 4762,
        "dilutedAverageSharesOutstanding": 769,
        "dilutedEPS": 4.94,
        "ebit": 5841,
        "grossIncome": 17661,
        "interestExpense": 2207,
        "interestIncomeExpense": -1961,
        "minorityInterest": 329,
        "netIncome": 3802,
        "netIncomeAfterTaxes": 3723,
        "nonRecurringItems": -341,
        "operationsMaintenance": 5703,
        "otherOperatingExpensesTotal": 1355,
        "period": "2021-12-31",
        "pretaxIncome": 3991,
        "provisionforIncomeTaxes": 268,
        "revenue": 24621,
        "totalOperatingExpense": 11820,
        "totalOtherIncomeExpenseNet": 452,
        "year": 2021
      },
      {
        "costOfGoodsSold": 6511,
        "depreciationAmortization": 4705,
        "dilutedAverageSharesOutstanding": 738,
        "dilutedEPS": 1.71,
        "ebit": 5703,
        "grossIncome": 17357,
        "interestExpense": 2097,
        "interestIncomeExpense": -3981,
        "minorityInterest": 295,
        "netIncome": 1270,
        "netIncomeAfterTaxes": 1075,
        "nonRecurringItems": -1150,
        "operationsMaintenance": 5612,
        "otherOperatingExpensesTotal": 1337,
        "period": "2020-12-31",
        "pretaxIncome": 839,
        "provisionforIncomeTaxes": -236,
        "revenue": 23868,
        "totalOperatingExpense": 11654,
        "totalOtherIncomeExpenseNet": 267,
        "year": 2020
      },
      {
        "costOfGoodsSold": 7453,
        "depreciationAmortization": 4548,
        "dilutedAverageSharesOutstanding": 729,
        "dilutedEPS": 5.09,
        "ebit": 5705,
        "grossIncome": 17626,
        "interestExpense": 2204,
        "interestIncomeExpense": -1872,
        "minorityInterest": 177,
        "netIncome": 3707,
        "netIncomeAfterTaxes": 3578,
        "nonRecurringItems": 4,
        "operationsMaintenance": 6066,
        "otherOperatingExpensesTotal": 1307,
        "period": "2019-12-31",
        "pretaxIncome": 4097,
        "provisionforIncomeTaxes": 519,
        "revenue": 25079,
        "totalOperatingExpense": 11921,
        "totalOtherIncomeExpenseNet": 260,
        "year": 2019
      },
      {
        "costOfGoodsSold": 7528,
        "depreciationAmortization": 4074,
        "dilutedAverageSharesOutstanding": 708,
        "dilutedEPS": 3.77,
        "ebit": 5176,
        "grossIncome": 16993,
        "interestExpense": 2094,
        "interestIncomeExpense": -1770,
        "minorityInterest": 22,
        "netIncome": 2666,
        "netIncomeAfterTaxes": 2645,
        "nonRecurringItems": -491,
        "operationsMaintenance": 6463,
        "otherOperatingExpensesTotal": 1280,
        "period": "2018-12-31",
        "pretaxIncome": 3073,
        "provisionforIncomeTaxes": 428,
        "revenue": 24521,
        "totalOperatingExpense": 11817,
        "totalOtherIncomeExpenseNet": 158,
        "year": 2018
      },
      {
        "costOfGoodsSold": 6982,
        "depreciationAmortization": 3527,
        "dilutedAverageSharesOutstanding": 700,
        "dilutedEPS": 4.37,
        "ebit": 5879,
        "grossIncome": 16583,
        "interestExpense": 1986,
        "interestIncomeExpense": -1617,
        "minorityInterest": -5,
        "netIncome": 3059,
        "netIncomeAfterTaxes": 2958,
        "nonRecurringItems": -254,
        "operationsMaintenance": 5944,
        "otherOperatingExpensesTotal": 1233,
        "period": "2017-12-31",
        "pretaxIncome": 4266,
        "provisionforIncomeTaxes": 1308,
        "revenue": 23565,
        "totalOperatingExpense": 10704,
        "totalOtherIncomeExpenseNet": 258,
        "year": 2017
      },
      {
        "costOfGoodsSold": 6890,
        "depreciationAmortization": 3294,
        "dilutedAverageSharesOutstanding": 691,
        "dilutedEPS": 3.11,
        "ebit": 5193,
        "grossIncome": 15853,
        "interestExpense": 1916,
        "interestIncomeExpense": -1710,
        "minorityInterest": -18,
        "netIncome": 2152,
        "netIncomeAfterTaxes": 2578,
        "nonRecurringItems": 9,
        "operationsMaintenance": 6224,
        "otherOperatingExpensesTotal": 1142,
        "period": "2016-12-31",
        "pretaxIncome": 3734,
        "provisionforIncomeTaxes": 1156,
        "revenue": 22743,
        "totalOperatingExpense": 10660,
        "totalOtherIncomeExpenseNet": 242,
        "year": 2016
      },
      {
        "costOfGoodsSold": 7496,
        "depreciationAmortization": 3053,
        "dilutedAverageSharesOutstanding": 694,
        "dilutedEPS": 4.05,
        "ebit": 5154,
        "gainLossOnDispositionOfAssets": 30,
        "grossIncome": 14875,
        "interestExpense": 1527,
        "interestIncomeExpense": -1274,
        "minorityInterest": -15,
        "netIncome": 2816,
        "netIncomeAfterTaxes": 2654,
        "nonRecurringItems": -106,
        "operationsMaintenance": 5539,
        "otherOperatingExpensesTotal": 1129,
        "period": "2015-12-31",
        "pretaxIncome": 3910,
        "provisionforIncomeTaxes": 1256,
        "revenue": 22371,
        "totalOperatingExpense": 9721,
        "totalOtherIncomeExpenseNet": 106,
        "year": 2015
      }
    ],
    "symbol": "DUK"
  }
}